Date,Vol,BidAsk,Price,BidAskCum
2022-10-03 00:00:03,4,4,3599.5,4
2022-10-03 00:00:05,1,-1,3599.5,3
2022-10-03 00:00:07,2,0,3599.5,3
2022-10-03 00:00:12,5,-1,3599.25,2
2022-10-03 00:00:17,3,1,3599.25,3
2022-10-03 00:00:26,6,6,3599.5,9
2022-10-03 00:00:33,2,-2,3599.25,7
2022-10-03 00:00:34,3,2,3599.25,9
2022-10-03 00:00:40,2,-2,3599.0,7
2022-10-03 00:00:41,1,-1,3598.75,6
2022-10-03 00:00:42,2,0,3599.0,6
2022-10-03 00:00:43,1,-1,3598.75,5
2022-10-03 00:00:44,17,-8,3598.75,-3
2022-10-03 00:00:45,1,1,3598.75,-2
2022-10-03 00:00:48,27,-9,3598.5,-11
2022-10-03 00:00:56,4,0,3598.5,-11
2022-10-03 00:00:59,26,-22,3598.25,-33
2022-10-03 00:01:00,3,-1,3598.25,-34
2022-10-03 00:01:01,1,-1,3598.0,-35
2022-10-03 00:01:02,3,-3,3598.0,-38
2022-10-03 00:01:03,17,7,3598.25,-31
2022-10-03 00:01:04,6,3,3598.25,-28
2022-10-03 00:01:05,1,-1,3598.25,-29
2022-10-03 00:01:07,6,-2,3598.5,-31
2022-10-03 00:01:08,8,-6,3598.25,-37
2022-10-03 00:01:12,1,-1,3598.0,-38
2022-10-03 00:01:13,9,-8,3598.0,-46
2022-10-03 00:01:15,4,-4,3598.25,-50
2022-10-03 00:01:16,10,-15,3598.25,-65
2022-10-03 00:01:17,5,-5,3598.0,-70
2022-10-03 00:01:20,8,0,3598.25,-70
2022-10-03 00:01:23,1,-1,3598.0,-71
2022-10-03 00:01:25,17,-11,3598.25,-82
2022-10-03 00:01:28,5,-4,3598.0,-86
2022-10-03 00:01:29,7,5,3598.25,-81
2022-10-03 00:01:31,11,6,3598.25,-75
2022-10-03 00:01:33,1,-1,3598.25,-76
2022-10-03 00:01:35,1,1,3598.25,-75
2022-10-03 00:01:36,20,-12,3598.0,-87
2022-10-03 00:01:37,3,3,3598.0,-84
2022-10-03 00:01:38,3,0,3598.25,-84
2022-10-03 00:01:39,18,-9,3597.75,-93
2022-10-03 00:01:40,12,4,3597.75,-89
2022-10-03 00:01:41,19,-4,3597.75,-93
2022-10-03 00:01:42,5,1,3598.0,-92
2022-10-03 00:01:43,4,4,3598.0,-88
2022-10-03 00:01:46,8,4,3598.25,-84
2022-10-03 00:01:49,7,7,3598.5,-77
2022-10-03 00:01:50,3,-3,3598.5,-80
2022-10-03 00:01:56,16,9,3598.75,-71
2022-10-03 00:01:58,8,10,3599.25,-61
2022-10-03 00:02:00,10,9,3599.0,-52
2022-10-03 00:02:03,1,1,3599.0,-51
2022-10-03 00:02:04,1,-1,3599.0,-52
2022-10-03 00:02:06,6,6,3599.25,-46
2022-10-03 00:02:09,8,-8,3599.0,-54
2022-10-03 00:02:10,2,2,3599.0,-52
2022-10-03 00:02:11,2,-2,3599.0,-54
2022-10-03 00:02:12,4,0,3599.25,-54
2022-10-03 00:02:15,3,-1,3599.25,-55
2022-10-03 00:02:16,1,1,3599.0,-54
2022-10-03 00:02:20,3,3,3599.0,-51
2022-10-03 00:02:27,14,-5,3598.75,-56
2022-10-03 00:02:28,1,1,3598.5,-55
2022-10-03 00:02:29,10,15,3598.75,-40
2022-10-03 00:02:32,1,-1,3598.5,-41
2022-10-03 00:02:40,2,2,3598.75,-39
2022-10-03 00:02:42,3,-1,3598.75,-40
2022-10-03 00:02:45,1,-1,3598.5,-41
2022-10-03 00:02:48,6,-6,3598.5,-47
2022-10-03 00:02:50,6,5,3598.5,-42
2022-10-03 00:02:53,5,-1,3598.75,-43
2022-10-03 00:02:57,1,-1,3598.75,-44
2022-10-03 00:03:01,4,-1,3599.0,-45
2022-10-03 00:03:04,3,-3,3598.75,-48
2022-10-03 00:03:05,13,11,3599.25,-37
2022-10-03 00:03:07,2,-2,3599.0,-39
2022-10-03 00:03:10,5,5,3599.25,-34
2022-10-03 00:03:11,3,-3,3599.25,-37
2022-10-03 00:03:12,3,2,3599.25,-35
2022-10-03 00:03:15,1,1,3599.25,-34
2022-10-03 00:03:16,2,-2,3599.25,-36
2022-10-03 00:03:19,1,1,3599.25,-35
2022-10-03 00:03:20,1,-1,3599.0,-36
2022-10-03 00:03:23,4,-2,3599.0,-38
2022-10-03 00:03:26,1,-1,3599.0,-39
2022-10-03 00:03:28,1,-1,3598.75,-40
2022-10-03 00:03:29,1,1,3599.0,-39
2022-10-03 00:03:34,4,3,3599.25,-36
2022-10-03 00:03:35,1,1,3599.25,-35
2022-10-03 00:03:36,1,-1,3598.75,-36
2022-10-03 00:03:40,3,3,3599.0,-33
2022-10-03 00:03:48,2,-2,3599.0,-35
2022-10-03 00:03:49,6,1,3599.0,-34
2022-10-03 00:03:50,5,5,3599.25,-29
2022-10-03 00:03:52,2,1,3599.25,-28
2022-10-03 00:03:55,23,20,3600.0,-8
2022-10-03 00:03:56,4,4,3600.25,-4
2022-10-03 00:03:59,39,47,3600.75,43
2022-10-03 00:04:00,8,-4,3600.5,39
2022-10-03 00:04:01,11,2,3600.25,41
2022-10-03 00:04:02,1,1,3600.25,42
2022-10-03 00:04:03,9,-6,3600.0,36
2022-10-03 00:04:05,1,1,3600.25,37
2022-10-03 00:04:10,4,-4,3600.25,33
2022-10-03 00:04:13,16,4,3600.75,37
2022-10-03 00:04:14,5,-2,3600.5,35
2022-10-03 00:04:16,5,0,3600.5,35
2022-10-03 00:04:17,2,-2,3600.25,33
2022-10-03 00:04:18,1,1,3600.5,34
2022-10-03 00:04:19,2,-1,3600.25,33
2022-10-03 00:04:20,7,-5,3600.0,28
2022-10-03 00:04:21,4,0,3600.0,28
2022-10-03 00:04:23,6,4,3600.25,32
2022-10-03 00:04:24,1,1,3600.0,33
2022-10-03 00:04:25,2,-2,3600.0,31
2022-10-03 00:04:26,8,-6,3599.75,25
2022-10-03 00:04:29,2,0,3599.5,25
2022-10-03 00:04:30,3,0,3599.5,25
2022-10-03 00:04:31,2,-2,3599.5,23
2022-10-03 00:04:34,1,-1,3599.5,22
2022-10-03 00:04:35,3,-1,3599.75,21
2022-10-03 00:04:36,8,0,3599.75,21
2022-10-03 00:04:37,2,-2,3599.75,19
2022-10-03 00:04:40,1,1,3600.0,20
2022-10-03 00:04:41,4,-4,3599.75,16
2022-10-03 00:04:42,1,-1,3599.25,15
2022-10-03 00:04:46,1,1,3599.75,16
2022-10-03 00:04:53,6,-6,3599.5,10
2022-10-03 00:04:58,2,-2,3599.5,8
2022-10-03 00:05:04,2,-2,3599.5,6
2022-10-03 00:05:07,1,-1,3599.5,5
2022-10-03 00:05:08,1,1,3599.5,6
2022-10-03 00:05:14,3,1,3599.5,7
2022-10-03 00:05:15,1,-1,3599.5,6
2022-10-03 00:05:20,3,3,3599.5,9
2022-10-03 00:05:22,11,-2,3599.25,7
2022-10-03 00:05:23,11,6,3599.5,13
2022-10-03 00:05:24,23,19,3600.0,32
2022-10-03 00:05:25,15,-11,3600.0,21
2022-10-03 00:05:26,6,-4,3599.75,17
2022-10-03 00:05:27,19,6,3600.25,23
2022-10-03 00:05:28,24,5,3600.5,28
2022-10-03 00:05:29,14,-2,3600.5,26
2022-10-03 00:05:30,11,6,3600.75,32
2022-10-03 00:05:31,16,5,3600.75,37
2022-10-03 00:05:32,26,8,3601.25,45
2022-10-03 00:05:33,20,-3,3601.0,42
2022-10-03 00:05:34,27,12,3601.5,54
2022-10-03 00:05:35,24,0,3601.75,54
2022-10-03 00:05:36,10,-2,3601.75,52
2022-10-03 00:05:37,9,-4,3601.5,48
2022-10-03 00:05:39,1,-1,3600.75,47
2022-10-03 00:05:40,4,-4,3600.75,43
2022-10-03 00:05:41,7,2,3600.5,45
2022-10-03 00:05:42,2,2,3600.75,47
2022-10-03 00:05:49,6,-6,3600.25,41
2022-10-03 00:05:50,7,-7,3600.0,34
2022-10-03 00:05:51,5,-3,3599.75,31
2022-10-03 00:05:53,12,-10,3599.5,21
2022-10-03 00:05:54,4,0,3599.25,21
2022-10-03 00:05:55,5,-3,3599.25,18
2022-10-03 00:05:56,6,-3,3599.25,15
2022-10-03 00:05:57,5,1,3599.0,16
2022-10-03 00:05:58,28,-25,3598.75,-9
2022-10-03 00:05:59,3,1,3599.0,-8
2022-10-03 00:06:00,18,1,3599.25,-7
2022-10-03 00:06:03,3,-3,3599.25,-10
2022-10-03 00:06:04,1,-1,3599.25,-11
2022-10-03 00:06:06,9,-5,3599.0,-16
2022-10-03 00:06:08,3,3,3598.75,-13
2022-10-03 00:06:09,1,-1,3598.5,-14
2022-10-03 00:06:11,4,-3,3598.5,-17
2022-10-03 00:06:12,7,5,3598.75,-12
2022-10-03 00:06:14,7,-7,3598.5,-19
2022-10-03 00:06:15,1,-1,3598.25,-20
2022-10-03 00:06:18,2,2,3598.5,-18
2022-10-03 00:06:20,2,2,3598.75,-16
2022-10-03 00:06:21,14,-8,3598.75,-24
2022-10-03 00:06:23,3,3,3598.75,-21
2022-10-03 00:06:27,7,-1,3598.5,-22
2022-10-03 00:06:29,1,-1,3598.25,-23
2022-10-03 00:06:33,15,-3,3598.25,-26
2022-10-03 00:06:35,10,-5,3597.75,-31
2022-10-03 00:06:36,1,-1,3597.75,-32
2022-10-03 00:06:37,8,0,3597.75,-32
2022-10-03 00:06:38,15,-9,3597.75,-41
2022-10-03 00:06:39,62,-32,3597.25,-73
2022-10-03 00:06:40,9,-1,3597.25,-74
2022-10-03 00:06:41,24,18,3597.75,-56
2022-10-03 00:06:42,4,-4,3597.75,-60
2022-10-03 00:06:45,2,2,3597.75,-58
2022-10-03 00:06:46,2,-2,3597.75,-60
2022-10-03 00:06:47,2,-2,3597.75,-62
2022-10-03 00:06:50,10,-6,3597.5,-68
2022-10-03 00:06:52,2,-2,3597.25,-70
2022-10-03 00:06:54,11,-1,3597.0,-71
2022-10-03 00:06:55,23,-20,3597.25,-91
2022-10-03 00:06:56,17,-11,3596.75,-102
2022-10-03 00:06:57,54,19,3596.75,-83
2022-10-03 00:06:58,13,3,3597.0,-80
2022-10-03 00:06:59,14,2,3597.25,-78
2022-10-03 00:07:00,6,4,3597.0,-74
2022-10-03 00:07:01,23,-11,3597.0,-85
2022-10-03 00:07:02,15,-7,3596.25,-92
2022-10-03 00:07:03,1,-1,3596.25,-93
2022-10-03 00:07:04,11,10,3596.5,-83
2022-10-03 00:07:05,12,-5,3596.5,-88
2022-10-03 00:07:06,3,3,3596.75,-85
2022-10-03 00:07:07,6,-4,3596.75,-89
2022-10-03 00:07:08,8,1,3597.0,-88
2022-10-03 00:07:09,1,-1,3596.75,-89
2022-10-03 00:07:10,39,-47,3596.75,-136
2022-10-03 00:07:11,5,-2,3596.5,-138
2022-10-03 00:07:12,1,-1,3596.5,-139
2022-10-03 00:07:14,4,2,3596.5,-137
2022-10-03 00:07:15,2,2,3596.5,-135
2022-10-03 00:07:18,6,4,3596.75,-131
2022-10-03 00:07:19,1,-1,3596.5,-132
2022-10-03 00:07:20,4,2,3596.5,-130
2022-10-03 00:07:21,1,1,3596.5,-129
2022-10-03 00:07:22,61,-39,3596.25,-168
2022-10-03 00:07:23,15,-4,3595.75,-172
2022-10-03 00:07:24,3,3,3595.75,-169
2022-10-03 00:07:25,15,4,3596.0,-165
2022-10-03 00:07:26,44,-15,3595.75,-180
2022-10-03 00:07:27,19,-16,3595.75,-196
2022-10-03 00:07:28,48,-33,3595.5,-229
2022-10-03 00:07:29,83,-9,3594.75,-238
2022-10-03 00:07:30,14,3,3594.5,-235
2022-10-03 00:07:31,5,-1,3594.5,-236
2022-10-03 00:07:32,3,-1,3594.25,-237
2022-10-03 00:07:33,5,1,3594.25,-236
2022-10-03 00:07:34,11,3,3594.5,-233
2022-10-03 00:07:35,9,7,3595.0,-226
2022-10-03 00:07:36,6,-3,3594.75,-229
2022-10-03 00:07:37,64,-61,3594.5,-290
2022-10-03 00:07:38,16,5,3594.5,-285
2022-10-03 00:07:39,6,0,3594.5,-285
2022-10-03 00:07:40,5,0,3594.5,-285
2022-10-03 00:07:42,17,-6,3594.75,-291
2022-10-03 00:07:43,1,1,3594.75,-290
2022-10-03 00:07:45,30,-37,3594.5,-327
2022-10-03 00:07:46,3,-1,3594.25,-328
2022-10-03 00:07:47,3,3,3594.25,-325
2022-10-03 00:07:49,3,-3,3594.25,-328
2022-10-03 00:07:50,5,1,3594.5,-327
2022-10-03 00:07:51,18,12,3594.75,-315
2022-10-03 00:07:52,1,1,3595.0,-314
2022-10-03 00:07:53,1,-1,3594.75,-315
2022-10-03 00:07:55,9,5,3595.25,-310
2022-10-03 00:07:56,7,-3,3594.75,-313
2022-10-03 00:07:57,16,-5,3595.0,-318
2022-10-03 00:07:58,2,0,3594.75,-318
2022-10-03 00:07:59,2,0,3594.75,-318
2022-10-03 00:08:01,4,4,3594.75,-314
2022-10-03 00:08:02,4,-1,3594.75,-315
2022-10-03 00:08:03,1,-1,3594.75,-316
2022-10-03 00:08:05,15,-11,3594.5,-327
2022-10-03 00:08:06,1,1,3594.5,-326
2022-10-03 00:08:08,2,0,3594.5,-326
2022-10-03 00:08:09,17,-7,3594.75,-333
2022-10-03 00:08:11,3,3,3594.5,-330
2022-10-03 00:08:12,25,-9,3594.5,-339
2022-10-03 00:08:13,5,5,3594.25,-334
2022-10-03 00:08:14,10,-8,3594.25,-342
2022-10-03 00:08:15,2,0,3594.5,-342
2022-10-03 00:08:16,2,2,3594.25,-340
2022-10-03 00:08:18,9,3,3594.5,-337
2022-10-03 00:08:20,11,11,3595.0,-326
2022-10-03 00:08:21,7,2,3595.0,-324
2022-10-03 00:08:22,7,7,3595.5,-317
2022-10-03 00:08:24,1,1,3595.5,-316
2022-10-03 00:08:25,2,0,3595.5,-316
2022-10-03 00:08:28,3,-3,3595.0,-319
2022-10-03 00:08:30,6,-2,3595.0,-321
2022-10-03 00:08:31,3,1,3594.75,-320
2022-10-03 00:08:35,9,5,3595.0,-315
2022-10-03 00:08:37,11,-3,3595.0,-318
2022-10-03 00:08:40,2,2,3595.0,-316
2022-10-03 00:08:41,1,1,3595.0,-315
2022-10-03 00:08:45,11,-9,3594.75,-324
2022-10-03 00:08:47,1,-1,3594.75,-325
2022-10-03 00:08:49,3,3,3594.5,-322
2022-10-03 00:08:50,2,0,3594.5,-322
2022-10-03 00:08:52,2,2,3594.75,-320
2022-10-03 00:08:53,1,1,3594.75,-319
2022-10-03 00:08:56,2,0,3594.5,-319
2022-10-03 00:09:00,7,2,3595.0,-317
2022-10-03 00:09:01,2,-2,3594.75,-319
2022-10-03 00:09:03,1,1,3595.0,-318
2022-10-03 00:09:05,2,2,3595.0,-316
2022-10-03 00:09:08,7,3,3595.25,-313
2022-10-03 00:09:09,6,-3,3595.25,-316
2022-10-03 00:09:12,2,0,3595.0,-316
2022-10-03 00:09:15,3,-3,3594.75,-319
2022-10-03 00:09:16,2,0,3595.0,-319
2022-10-03 00:09:20,4,4,3595.25,-315
2022-10-03 00:09:21,5,-2,3595.25,-317
2022-10-03 00:09:22,2,2,3595.25,-315
2022-10-03 00:09:26,5,0,3595.0,-315
2022-10-03 00:09:28,3,1,3595.25,-314
2022-10-03 00:09:29,1,1,3595.25,-313
2022-10-03 00:09:33,12,-2,3595.5,-315
2022-10-03 00:09:35,1,1,3595.25,-314
2022-10-03 00:09:36,4,-4,3595.0,-318
2022-10-03 00:09:44,2,2,3595.25,-316
2022-10-03 00:09:45,1,1,3595.25,-315
2022-10-03 00:09:47,7,6,3595.5,-309
2022-10-03 00:09:52,3,2,3595.25,-307
2022-10-03 00:09:55,1,-1,3595.0,-308
2022-10-03 00:09:58,1,-1,3594.75,-309
2022-10-03 00:09:59,4,0,3595.0,-309
2022-10-03 00:10:01,4,0,3595.0,-309
2022-10-03 00:10:02,1,1,3595.0,-308
2022-10-03 00:10:07,52,-73,3594.75,-381
2022-10-03 00:10:09,4,0,3594.5,-381
2022-10-03 00:10:10,3,1,3594.5,-380
2022-10-03 00:10:13,12,12,3595.0,-368
2022-10-03 00:10:14,2,-2,3594.75,-370
2022-10-03 00:10:15,3,-1,3594.75,-371
2022-10-03 00:10:19,12,9,3595.0,-362
2022-10-03 00:10:20,1,1,3595.25,-361
2022-10-03 00:10:21,1,1,3595.25,-360
2022-10-03 00:10:24,1,1,3595.25,-359
2022-10-03 00:10:31,2,-2,3595.25,-361
2022-10-03 00:10:36,27,-26,3595.0,-387
2022-10-03 00:10:46,6,-2,3595.0,-389
2022-10-03 00:10:47,2,1,3595.0,-388
2022-10-03 00:10:48,1,1,3595.25,-387
2022-10-03 00:10:49,1,1,3595.5,-386
2022-10-03 00:10:50,1,1,3595.25,-385
2022-10-03 00:10:51,2,-2,3595.25,-387
2022-10-03 00:10:52,2,0,3595.25,-387
2022-10-03 00:10:53,18,6,3595.5,-381
2022-10-03 00:10:54,1,-1,3595.25,-382
2022-10-03 00:10:55,6,-6,3595.25,-388
2022-10-03 00:10:57,5,-5,3595.0,-393
2022-10-03 00:11:00,2,1,3595.25,-392
2022-10-03 00:11:02,2,-2,3595.0,-394
2022-10-03 00:11:03,3,-1,3595.0,-395
2022-10-03 00:11:05,5,-4,3594.75,-399
2022-10-03 00:11:06,6,-2,3594.75,-401
2022-10-03 00:11:10,6,5,3594.75,-396
2022-10-03 00:11:11,2,-2,3594.75,-398
2022-10-03 00:11:12,4,4,3594.75,-394
2022-10-03 00:11:16,12,5,3595.0,-389
2022-10-03 00:11:17,3,1,3595.0,-388
2022-10-03 00:11:19,27,21,3596.0,-367
2022-10-03 00:11:20,1,-1,3595.75,-368
2022-10-03 00:11:22,1,-1,3595.75,-369
2022-10-03 00:11:25,1,-1,3595.75,-370
2022-10-03 00:11:26,7,-5,3595.75,-375
2022-10-03 00:11:30,1,1,3595.75,-374
2022-10-03 00:11:31,6,0,3595.5,-374
2022-10-03 00:11:33,3,1,3595.75,-373
2022-10-03 00:11:35,1,1,3595.75,-372
2022-10-03 00:11:36,4,-4,3595.75,-376
2022-10-03 00:11:44,2,2,3596.0,-374
2022-10-03 00:11:45,16,3,3596.5,-371
2022-10-03 00:11:46,5,2,3596.25,-369
2022-10-03 00:11:47,4,2,3596.75,-367
2022-10-03 00:11:48,4,3,3596.5,-364
2022-10-03 00:11:49,18,-3,3596.75,-367
2022-10-03 00:11:50,1,1,3596.75,-366
2022-10-03 00:11:52,7,-1,3596.5,-367
2022-10-03 00:11:54,4,3,3596.5,-364
2022-10-03 00:11:56,2,2,3596.5,-362
2022-10-03 00:12:00,1,-1,3596.25,-363
2022-10-03 00:12:04,7,1,3596.5,-362
2022-10-03 00:12:07,2,2,3596.25,-360
2022-10-03 00:12:12,7,0,3596.5,-360
2022-10-03 00:12:14,2,-1,3596.0,-361
2022-10-03 00:12:17,3,-3,3595.75,-364
2022-10-03 00:12:18,1,-1,3595.75,-365
2022-10-03 00:12:20,2,-2,3595.75,-367
2022-10-03 00:12:21,2,-2,3595.75,-369
2022-10-03 00:12:22,5,4,3596.0,-365
2022-10-03 00:12:25,3,3,3596.25,-362
2022-10-03 00:12:27,12,-12,3596.25,-374
2022-10-03 00:12:30,2,2,3596.25,-372
2022-10-03 00:12:38,7,7,3596.5,-365
2022-10-03 00:12:45,8,0,3596.25,-365
2022-10-03 00:12:48,3,3,3596.5,-362
2022-10-03 00:12:54,1,-1,3596.5,-363
2022-10-03 00:12:56,3,-1,3596.25,-364
2022-10-03 00:12:57,2,0,3596.25,-364
2022-10-03 00:12:58,1,1,3596.5,-363
2022-10-03 00:12:59,4,-2,3596.0,-365
2022-10-03 00:13:00,2,-2,3596.0,-367
2022-10-03 00:13:03,14,14,3596.25,-353
2022-10-03 00:13:08,1,-1,3596.25,-354
2022-10-03 00:13:09,1,1,3596.5,-353
2022-10-03 00:13:16,6,4,3596.5,-349
2022-10-03 00:13:17,1,1,3596.25,-348
2022-10-03 00:13:22,1,1,3596.25,-347
2022-10-03 00:13:29,7,7,3596.5,-340
2022-10-03 00:13:34,3,3,3596.75,-337
2022-10-03 00:13:39,3,1,3596.75,-336
2022-10-03 00:13:42,2,-1,3596.5,-337
2022-10-03 00:13:44,1,-1,3596.5,-338
2022-10-03 00:13:51,5,-5,3596.5,-343
2022-10-03 00:13:52,1,1,3596.25,-342
2022-10-03 00:13:53,1,1,3596.5,-341
2022-10-03 00:13:57,3,3,3596.25,-338
2022-10-03 00:14:00,2,2,3596.5,-336
2022-10-03 00:14:01,3,3,3596.5,-333
2022-10-03 00:14:05,2,-2,3596.5,-335
2022-10-03 00:14:06,2,2,3596.75,-333
2022-10-03 00:14:09,18,9,3597.5,-324
2022-10-03 00:14:11,1,1,3597.5,-323
2022-10-03 00:14:12,2,-2,3597.0,-325
2022-10-03 00:14:13,10,4,3597.5,-321
2022-10-03 00:14:15,1,1,3597.5,-320
2022-10-03 00:14:16,2,-2,3597.25,-322
2022-10-03 00:14:17,1,1,3597.5,-321
2022-10-03 00:14:19,8,3,3597.5,-318
2022-10-03 00:14:20,4,-4,3597.25,-322
2022-10-03 00:14:21,2,2,3597.25,-320
2022-10-03 00:14:22,2,-2,3597.25,-322
2022-10-03 00:14:24,5,-5,3597.0,-327
2022-10-03 00:14:28,4,4,3597.0,-323
2022-10-03 00:14:29,1,-1,3596.75,-324
2022-10-03 00:14:30,1,-1,3596.75,-325
2022-10-03 00:14:32,2,-2,3596.75,-327
2022-10-03 00:14:43,1,-1,3596.5,-328
2022-10-03 00:14:44,8,8,3596.75,-320
2022-10-03 00:14:45,1,1,3596.75,-319
2022-10-03 00:14:48,2,2,3596.75,-317
2022-10-03 00:14:51,1,-1,3596.75,-318
2022-10-03 00:14:54,5,5,3597.0,-313
2022-10-03 00:14:55,2,-2,3596.75,-315
2022-10-03 00:15:00,2,2,3597.0,-313
2022-10-03 00:15:01,1,-1,3596.75,-314
2022-10-03 00:15:04,5,5,3597.25,-309
2022-10-03 00:15:08,2,-2,3597.0,-311
2022-10-03 00:15:10,7,-6,3596.75,-317
2022-10-03 00:15:11,1,1,3597.0,-316
2022-10-03 00:15:12,3,3,3596.75,-313
2022-10-03 00:15:14,2,0,3596.75,-313
2022-10-03 00:15:20,3,3,3596.75,-310
2022-10-03 00:15:23,1,-1,3596.75,-311
2022-10-03 00:15:24,2,0,3596.75,-311
2022-10-03 00:15:25,11,-1,3597.0,-312
2022-10-03 00:15:27,4,4,3596.75,-308
2022-10-03 00:15:32,32,-35,3596.5,-343
2022-10-03 00:15:36,14,-2,3595.75,-345
2022-10-03 00:15:38,33,-26,3595.5,-371
2022-10-03 00:15:39,6,4,3595.25,-367
2022-10-03 00:15:40,1,-1,3595.25,-368
2022-10-03 00:15:41,3,-3,3595.25,-371
2022-10-03 00:15:42,4,3,3595.5,-368
2022-10-03 00:15:44,2,-2,3595.25,-370
2022-10-03 00:15:45,4,-4,3595.5,-374
2022-10-03 00:15:47,1,1,3595.75,-373
2022-10-03 00:15:50,1,-1,3595.75,-374
2022-10-03 00:15:53,1,1,3595.5,-373
2022-10-03 00:15:55,1,-1,3595.5,-374
2022-10-03 00:15:58,7,-3,3595.5,-377
2022-10-03 00:16:00,1,1,3595.5,-376
2022-10-03 00:16:01,2,2,3595.5,-374
2022-10-03 00:16:02,6,-3,3595.5,-377
2022-10-03 00:16:07,1,-1,3595.25,-378
2022-10-03 00:16:08,1,1,3595.5,-377
2022-10-03 00:16:09,1,1,3595.75,-376
2022-10-03 00:16:11,30,-48,3595.75,-424
2022-10-03 00:16:12,1,-1,3595.5,-425
2022-10-03 00:16:15,1,1,3595.5,-424
2022-10-03 00:16:20,1,-1,3595.25,-425
2022-10-03 00:16:21,3,3,3595.25,-422
2022-10-03 00:16:25,21,-25,3595.0,-447
2022-10-03 00:16:26,3,3,3595.0,-444
2022-10-03 00:16:28,1,1,3595.25,-443
2022-10-03 00:16:29,1,1,3595.5,-442
2022-10-03 00:16:30,1,1,3595.5,-441
2022-10-03 00:16:33,24,13,3595.75,-428
2022-10-03 00:16:34,41,34,3596.5,-394
2022-10-03 00:16:35,10,5,3597.0,-389
2022-10-03 00:16:36,13,-5,3597.25,-394
2022-10-03 00:16:37,12,6,3597.5,-388
2022-10-03 00:16:38,4,-2,3597.5,-390
2022-10-03 00:16:39,6,2,3597.5,-388
2022-10-03 00:16:40,6,0,3597.5,-388
2022-10-03 00:16:41,3,-3,3597.0,-391
2022-10-03 00:16:42,1,-1,3596.75,-392
2022-10-03 00:16:43,4,0,3596.75,-392
2022-10-03 00:16:44,4,2,3597.0,-390
2022-10-03 00:16:45,2,-2,3596.75,-392
2022-10-03 00:16:46,12,-4,3596.75,-396
2022-10-03 00:16:47,6,-4,3596.5,-400
2022-10-03 00:16:48,2,2,3596.5,-398
2022-10-03 00:16:54,2,0,3597.25,-398
2022-10-03 00:16:55,18,16,3597.25,-382
2022-10-03 00:16:56,12,9,3597.5,-373
2022-10-03 00:16:57,4,0,3597.5,-373
2022-10-03 00:16:59,4,-2,3597.5,-375
2022-10-03 00:17:00,2,-2,3597.0,-377
2022-10-03 00:17:01,2,-2,3597.0,-379
2022-10-03 00:17:02,1,-1,3596.75,-380
2022-10-03 00:17:03,19,1,3597.5,-379
2022-10-03 00:17:04,1,1,3597.5,-378
2022-10-03 00:17:05,2,-2,3597.25,-380
2022-10-03 00:17:06,4,2,3597.5,-378
2022-10-03 00:17:07,3,3,3597.5,-375
2022-10-03 00:17:08,10,5,3597.5,-370
2022-10-03 00:17:11,2,-2,3597.5,-372
2022-10-03 00:17:12,4,-4,3597.25,-376
2022-10-03 00:17:14,1,1,3597.5,-375
2022-10-03 00:17:16,4,4,3598.0,-371
2022-10-03 00:17:17,5,1,3597.75,-370
2022-10-03 00:17:18,1,1,3597.75,-369
2022-10-03 00:17:19,2,0,3597.75,-369
2022-10-03 00:17:20,4,2,3598.0,-367
2022-10-03 00:17:21,2,-2,3597.75,-369
2022-10-03 00:17:22,2,2,3597.75,-367
2022-10-03 00:17:24,1,-1,3597.75,-368
2022-10-03 00:17:25,3,0,3597.75,-368
2022-10-03 00:17:27,3,3,3598.0,-365
2022-10-03 00:17:28,6,4,3598.25,-361
2022-10-03 00:17:29,3,1,3598.5,-360
2022-10-03 00:17:30,5,-3,3598.25,-363
2022-10-03 00:17:32,8,-1,3598.25,-364
2022-10-03 00:17:35,8,-8,3597.5,-372
2022-10-03 00:17:36,1,-1,3597.25,-373
2022-10-03 00:17:42,4,4,3597.5,-369
2022-10-03 00:17:43,5,5,3598.0,-364
2022-10-03 00:17:46,8,-6,3597.75,-370
2022-10-03 00:17:47,1,-1,3597.5,-371
2022-10-03 00:17:48,1,1,3597.75,-370
2022-10-03 00:17:49,4,-4,3597.75,-374
2022-10-03 00:17:50,3,-1,3597.5,-375
2022-10-03 00:17:51,1,1,3597.75,-374
2022-10-03 00:17:52,11,4,3598.0,-370
2022-10-03 00:17:53,8,8,3598.25,-362
2022-10-03 00:17:55,16,-6,3598.0,-368
2022-10-03 00:17:56,9,7,3598.25,-361
2022-10-03 00:17:57,7,-3,3598.25,-364
2022-10-03 00:17:58,2,-2,3598.25,-366
2022-10-03 00:17:59,17,-4,3598.0,-370
2022-10-03 00:18:00,8,-8,3597.75,-378
2022-10-03 00:18:01,2,-2,3597.5,-380
2022-10-03 00:18:03,2,0,3597.75,-380
2022-10-03 00:18:06,1,-1,3597.5,-381
2022-10-03 00:18:07,1,-1,3597.5,-382
2022-10-03 00:18:08,1,1,3597.75,-381
2022-10-03 00:18:13,2,2,3597.75,-379
2022-10-03 00:18:18,2,-2,3597.5,-381
2022-10-03 00:18:19,1,-1,3597.25,-382
2022-10-03 00:18:20,1,-1,3597.25,-383
2022-10-03 00:18:22,3,-3,3597.5,-386
2022-10-03 00:18:25,13,-14,3597.5,-400
2022-10-03 00:18:26,4,0,3596.75,-400
2022-10-03 00:18:29,3,3,3597.0,-397
2022-10-03 00:18:30,1,1,3597.0,-396
2022-10-03 00:18:31,4,-2,3597.25,-398
2022-10-03 00:18:37,9,5,3597.25,-393
2022-10-03 00:18:38,1,1,3597.5,-392
2022-10-03 00:18:43,1,-1,3597.5,-393
2022-10-03 00:18:44,1,1,3597.5,-392
2022-10-03 00:18:49,5,5,3597.75,-387
2022-10-03 00:18:53,4,-4,3597.25,-391
2022-10-03 00:18:56,6,6,3597.5,-385
2022-10-03 00:18:57,2,2,3597.5,-383
2022-10-03 00:18:59,4,0,3597.75,-383
2022-10-03 00:19:01,4,-2,3597.25,-385
2022-10-03 00:19:07,15,4,3597.5,-381
2022-10-03 00:19:09,1,-1,3597.5,-382
2022-10-03 00:19:10,1,-1,3597.5,-383
2022-10-03 00:19:13,1,-1,3597.5,-384
2022-10-03 00:19:21,3,-1,3597.25,-385
2022-10-03 00:19:22,6,-2,3597.25,-387
2022-10-03 00:19:25,3,-3,3597.0,-390
2022-10-03 00:19:26,2,-1,3596.75,-391
2022-10-03 00:19:30,1,-1,3596.75,-392
2022-10-03 00:20:00,4,0,3596.75,-392
2022-10-03 00:20:01,1,-1,3596.75,-393
2022-10-03 00:20:02,1,-1,3596.5,-394
2022-10-03 00:20:03,2,-2,3596.25,-396
2022-10-03 00:20:05,5,4,3596.5,-392
2022-10-03 00:20:11,4,2,3596.5,-390
2022-10-03 00:20:14,8,-8,3596.25,-398
2022-10-03 00:20:16,4,4,3596.25,-394
2022-10-03 00:20:17,6,-6,3596.0,-400
2022-10-03 00:20:18,3,-3,3596.0,-403
2022-10-03 00:20:19,4,2,3596.0,-401
2022-10-03 00:20:20,1,-1,3595.75,-402
2022-10-03 00:20:21,2,-2,3596.0,-404
2022-10-03 00:20:23,5,4,3596.0,-400
2022-10-03 00:20:24,3,-3,3596.0,-403
2022-10-03 00:20:25,5,5,3596.25,-398
2022-10-03 00:20:26,3,-3,3596.25,-401
2022-10-03 00:20:30,3,3,3596.25,-398
2022-10-03 00:20:37,2,2,3596.25,-396
2022-10-03 00:20:38,2,-2,3596.0,-398
2022-10-03 00:20:39,1,1,3596.25,-397
2022-10-03 00:20:41,4,-4,3595.75,-401
2022-10-03 00:20:42,2,1,3595.75,-400
2022-10-03 00:20:45,3,3,3595.75,-397
2022-10-03 00:20:51,1,-1,3595.5,-398
2022-10-03 00:20:57,7,1,3595.75,-397
2022-10-03 00:21:00,19,-5,3595.5,-402
2022-10-03 00:21:03,1,-1,3595.5,-403
2022-10-03 00:21:06,2,0,3596.0,-403
2022-10-03 00:21:07,5,5,3596.25,-398
2022-10-03 00:21:08,1,1,3596.25,-397
2022-10-03 00:21:10,4,-4,3596.25,-401
2022-10-03 00:21:12,1,-1,3596.0,-402
2022-10-03 00:21:15,1,-1,3595.75,-403
2022-10-03 00:21:16,3,-3,3595.75,-406
2022-10-03 00:21:18,1,-1,3595.75,-407
2022-10-03 00:21:23,1,-1,3595.75,-408
2022-10-03 00:21:25,16,14,3596.25,-394
2022-10-03 00:21:27,8,8,3596.5,-386
2022-10-03 00:21:28,5,4,3596.5,-382
2022-10-03 00:21:30,3,-3,3596.25,-385
2022-10-03 00:21:31,6,-6,3596.0,-391
2022-10-03 00:21:34,1,1,3596.0,-390
2022-10-03 00:21:51,2,2,3596.25,-388
2022-10-03 00:21:56,2,-2,3596.0,-390
2022-10-03 00:22:00,2,2,3596.0,-388
2022-10-03 00:22:01,3,-3,3596.0,-391
2022-10-03 00:22:03,3,1,3596.0,-390
2022-10-03 00:22:06,1,-1,3596.0,-391
2022-10-03 00:22:09,17,-15,3595.75,-406
2022-10-03 00:22:11,3,-2,3595.25,-408
2022-10-03 00:22:13,43,-30,3595.0,-438
2022-10-03 00:22:15,8,2,3594.75,-436
2022-10-03 00:22:16,7,7,3594.75,-429
2022-10-03 00:22:17,3,-1,3594.75,-430
2022-10-03 00:22:23,6,2,3594.5,-428
2022-10-03 00:22:24,3,-3,3594.25,-431
2022-10-03 00:22:25,1,-1,3594.25,-432
2022-10-03 00:22:26,2,2,3594.5,-430
2022-10-03 00:22:27,3,-1,3594.5,-431
2022-10-03 00:22:28,6,-4,3594.5,-435
2022-10-03 00:22:29,5,1,3594.5,-434
2022-10-03 00:22:30,1,-1,3594.5,-435
2022-10-03 00:22:31,103,-27,3594.75,-462
2022-10-03 00:22:32,5,3,3595.25,-459
2022-10-03 00:22:33,9,1,3595.25,-458
2022-10-03 00:22:34,2,-2,3595.25,-460
2022-10-03 00:22:37,4,4,3595.25,-456
2022-10-03 00:22:38,6,-5,3595.25,-461
2022-10-03 00:22:40,6,6,3595.25,-455
2022-10-03 00:22:41,1,-1,3595.0,-456
2022-10-03 00:22:42,1,-1,3595.0,-457
2022-10-03 00:22:47,1,1,3595.25,-456
2022-10-03 00:22:49,2,2,3595.5,-454
2022-10-03 00:22:50,2,2,3595.75,-452
2022-10-03 00:22:52,1,1,3596.0,-451
2022-10-03 00:22:55,2,2,3596.0,-449
2022-10-03 00:23:00,2,-2,3596.0,-451
2022-10-03 00:23:01,11,-4,3596.0,-455
2022-10-03 00:23:08,9,2,3596.0,-453
2022-10-03 00:23:11,1,1,3596.0,-452
2022-10-03 00:23:12,11,0,3596.25,-452
2022-10-03 00:23:13,6,-5,3595.75,-457
2022-10-03 00:23:14,9,-1,3595.5,-458
2022-10-03 00:23:16,1,-1,3595.5,-459
2022-10-03 00:23:21,1,1,3595.75,-458
2022-10-03 00:23:22,2,2,3596.0,-456
2022-10-03 00:23:23,3,-3,3595.75,-459
2022-10-03 00:23:27,2,2,3595.75,-457
2022-10-03 00:23:28,1,1,3595.75,-456
2022-10-03 00:23:29,4,-2,3595.75,-458
2022-10-03 00:23:30,12,13,3596.0,-445
2022-10-03 00:23:31,1,-1,3595.75,-446
2022-10-03 00:23:32,5,-9,3595.75,-455
2022-10-03 00:23:36,3,-3,3595.5,-458
2022-10-03 00:23:37,1,-1,3595.0,-459
2022-10-03 00:23:39,3,3,3595.25,-456
2022-10-03 00:23:40,3,1,3595.25,-455
2022-10-03 00:23:42,2,2,3595.5,-453
2022-10-03 00:23:48,2,-2,3595.25,-455
2022-10-03 00:23:49,1,1,3595.25,-454
2022-10-03 00:23:50,2,0,3595.25,-454
2022-10-03 00:23:52,2,2,3595.5,-452
2022-10-03 00:23:54,4,-4,3595.5,-456
2022-10-03 00:23:58,13,7,3596.0,-449
2022-10-03 00:24:00,1,-1,3596.0,-450
2022-10-03 00:24:01,1,-1,3596.0,-451
2022-10-03 00:24:03,3,-3,3596.0,-454
2022-10-03 00:24:05,2,-2,3596.0,-456
2022-10-03 00:24:08,5,3,3596.25,-453
2022-10-03 00:24:14,2,0,3596.0,-453
2022-10-03 00:24:16,7,-7,3596.0,-460
2022-10-03 00:24:25,2,-2,3595.75,-462
2022-10-03 00:24:37,3,-3,3595.75,-465
2022-10-03 00:24:47,1,1,3595.75,-464
2022-10-03 00:24:50,3,3,3595.75,-461
2022-10-03 00:24:53,2,-2,3595.5,-463
2022-10-03 00:24:55,1,-1,3595.25,-464
2022-10-03 00:24:57,3,-3,3595.25,-467
2022-10-03 00:25:02,2,-2,3595.25,-469
2022-10-03 00:25:04,3,2,3595.25,-467
2022-10-03 00:25:05,5,-1,3595.0,-468
2022-10-03 00:25:06,5,0,3595.0,-468
2022-10-03 00:25:10,3,0,3595.0,-468
2022-10-03 00:25:11,1,-1,3595.0,-469
2022-10-03 00:25:13,2,2,3595.0,-467
2022-10-03 00:25:15,1,1,3595.0,-466
2022-10-03 00:25:18,3,-2,3594.75,-468
2022-10-03 00:25:19,2,2,3594.75,-466
2022-10-03 00:25:20,1,-1,3594.75,-467
2022-10-03 00:25:21,1,1,3594.75,-466
2022-10-03 00:25:23,1,-1,3594.75,-467
2022-10-03 00:25:26,1,1,3594.75,-466
2022-10-03 00:25:31,18,8,3595.25,-458
2022-10-03 00:25:32,4,4,3595.25,-454
2022-10-03 00:25:33,5,4,3595.5,-450
2022-10-03 00:25:34,3,3,3595.75,-447
2022-10-03 00:25:36,8,4,3596.25,-443
2022-10-03 00:25:37,3,-1,3596.5,-444
2022-10-03 00:25:40,1,-1,3596.0,-445
2022-10-03 00:25:43,1,-1,3596.25,-446
2022-10-03 00:25:44,2,-2,3596.25,-448
2022-10-03 00:25:45,8,8,3596.5,-440
2022-10-03 00:25:47,1,-1,3596.25,-441
2022-10-03 00:25:54,1,-1,3596.25,-442
2022-10-03 00:25:57,13,-9,3596.0,-451
2022-10-03 00:26:03,1,-1,3596.0,-452
2022-10-03 00:26:05,13,6,3596.5,-446
2022-10-03 00:26:06,1,-1,3596.5,-447
2022-10-03 00:26:08,12,5,3597.0,-442
2022-10-03 00:26:09,16,8,3597.0,-434
2022-10-03 00:26:10,7,-5,3596.75,-439
2022-10-03 00:26:11,1,1,3596.75,-438
2022-10-03 00:26:13,2,2,3596.75,-436
2022-10-03 00:26:14,1,1,3596.75,-435
2022-10-03 00:26:15,2,1,3597.0,-434
2022-10-03 00:26:16,7,3,3597.25,-431
2022-10-03 00:26:19,15,-11,3597.0,-442
2022-10-03 00:26:22,4,0,3596.75,-442
2022-10-03 00:26:24,2,2,3596.75,-440
2022-10-03 00:26:25,1,-1,3596.75,-441
2022-10-03 00:26:27,1,1,3596.75,-440
2022-10-03 00:26:30,2,1,3596.75,-439
2022-10-03 00:26:33,2,-2,3596.75,-441
2022-10-03 00:26:34,4,-4,3596.5,-445
2022-10-03 00:26:35,3,-2,3596.5,-447
2022-10-03 00:26:38,5,-3,3596.25,-450
2022-10-03 00:26:40,2,2,3596.25,-448
2022-10-03 00:26:42,1,1,3596.25,-447
2022-10-03 00:26:44,1,1,3596.25,-446
2022-10-03 00:26:46,23,27,3596.75,-419
2022-10-03 00:26:49,1,1,3597.0,-418
2022-10-03 00:26:53,23,-5,3596.75,-423
2022-10-03 00:26:57,1,-1,3596.75,-424
2022-10-03 00:27:00,3,-3,3596.75,-427
2022-10-03 00:27:04,2,-2,3596.75,-429
2022-10-03 00:27:07,12,10,3597.25,-419
2022-10-03 00:27:08,4,-4,3597.0,-423
2022-10-03 00:27:12,19,-2,3597.5,-425
2022-10-03 00:27:13,2,2,3597.25,-423
2022-10-03 00:27:15,1,1,3597.25,-422
2022-10-03 00:27:18,2,2,3597.25,-420
2022-10-03 00:27:20,13,-10,3597.25,-430
2022-10-03 00:27:21,2,2,3597.0,-428
2022-10-03 00:27:27,1,-1,3597.0,-429
2022-10-03 00:27:28,1,1,3597.0,-428
2022-10-03 00:27:37,9,4,3597.25,-424
2022-10-03 00:27:40,2,0,3597.25,-424
2022-10-03 00:27:42,1,1,3597.25,-423
2022-10-03 00:27:45,1,-1,3597.0,-424
2022-10-03 00:27:49,1,1,3597.25,-423
2022-10-03 00:27:54,1,1,3597.25,-422
2022-10-03 00:27:56,1,-1,3597.25,-423
2022-10-03 00:28:01,2,2,3597.25,-421
2022-10-03 00:28:02,2,2,3597.25,-419
2022-10-03 00:28:03,6,-2,3597.5,-421
2022-10-03 00:28:08,2,1,3597.25,-420
2022-10-03 00:28:09,1,1,3597.25,-419
2022-10-03 00:28:10,11,-9,3597.0,-428
2022-10-03 00:28:18,1,1,3597.25,-427
2022-10-03 00:28:31,3,-3,3596.75,-430
2022-10-03 00:28:32,4,4,3596.75,-426
2022-10-03 00:28:37,13,2,3597.0,-424
2022-10-03 00:28:43,4,0,3597.0,-424
2022-10-03 00:28:44,8,3,3597.25,-421
2022-10-03 00:28:47,1,-1,3597.25,-422
2022-10-03 00:28:51,6,4,3597.25,-418
2022-10-03 00:28:55,42,19,3597.5,-399
2022-10-03 00:29:00,3,1,3597.25,-398
2022-10-03 00:29:01,2,-2,3597.25,-400
2022-10-03 00:29:03,2,-2,3597.25,-402
2022-10-03 00:29:07,4,-2,3597.25,-404
2022-10-03 00:29:08,5,-2,3597.0,-406
2022-10-03 00:29:11,3,-3,3597.0,-409
2022-10-03 00:29:20,1,-1,3597.0,-410
2022-10-03 00:29:22,2,-2,3596.75,-412
2022-10-03 00:29:23,1,-1,3596.5,-413
2022-10-03 00:29:26,1,-1,3596.5,-414
2022-10-03 00:29:27,1,-1,3596.5,-415
2022-10-03 00:29:28,1,1,3596.75,-414
2022-10-03 00:29:29,7,5,3596.75,-409
2022-10-03 00:29:34,2,-2,3596.5,-411
2022-10-03 00:29:35,1,1,3596.75,-410
2022-10-03 00:29:39,16,-11,3596.5,-421
2022-10-03 00:29:41,1,-1,3596.0,-422
2022-10-03 00:29:42,16,-6,3596.0,-428
2022-10-03 00:29:44,9,-4,3595.75,-432
2022-10-03 00:29:45,3,1,3595.75,-431
2022-10-03 00:29:50,2,-2,3595.5,-433
2022-10-03 00:29:53,1,-1,3595.5,-434
2022-10-03 00:29:54,5,-4,3595.5,-438
2022-10-03 00:29:55,2,2,3595.75,-436
2022-10-03 00:29:56,2,0,3595.75,-436
2022-10-03 00:29:58,1,-1,3595.5,-437
2022-10-03 00:29:59,2,2,3595.75,-435
2022-10-03 00:30:00,1,1,3595.75,-434
2022-10-03 00:30:01,2,-2,3595.75,-436
2022-10-03 00:30:03,1,-1,3595.5,-437
2022-10-03 00:30:04,2,0,3595.75,-437
2022-10-03 00:30:08,2,0,3595.75,-437
2022-10-03 00:30:12,5,-5,3595.5,-442
2022-10-03 00:30:14,1,1,3595.75,-441
2022-10-03 00:30:18,3,3,3595.75,-438
2022-10-03 00:30:27,11,12,3596.25,-426
2022-10-03 00:30:31,7,-1,3596.5,-427
2022-10-03 00:30:33,2,0,3596.5,-427
2022-10-03 00:30:44,1,-1,3596.5,-428
2022-10-03 00:30:49,1,-1,3596.5,-429
2022-10-03 00:30:53,12,7,3596.75,-422
2022-10-03 00:30:57,3,-3,3596.5,-425
2022-10-03 00:31:01,2,0,3596.25,-425
2022-10-03 00:31:02,3,3,3596.25,-422
2022-10-03 00:31:06,19,-12,3596.0,-434
2022-10-03 00:31:09,9,-6,3595.75,-440
2022-10-03 00:31:10,1,-1,3595.5,-441
2022-10-03 00:31:11,7,7,3595.75,-434
2022-10-03 00:31:16,1,-1,3596.0,-435
2022-10-03 00:31:22,1,-1,3596.0,-436
2022-10-03 00:31:26,1,-1,3596.25,-437
2022-10-03 00:31:28,3,-3,3596.25,-440
2022-10-03 00:31:30,4,4,3596.5,-436
2022-10-03 00:31:33,4,4,3596.5,-432
2022-10-03 00:31:38,1,1,3596.5,-431
2022-10-03 00:31:39,2,0,3596.5,-431
2022-10-03 00:31:41,2,-2,3596.5,-433
2022-10-03 00:31:47,2,-2,3596.5,-435
2022-10-03 00:31:48,1,1,3596.25,-434
2022-10-03 00:31:51,1,1,3596.5,-433
2022-10-03 00:32:02,5,2,3596.25,-431
2022-10-03 00:32:03,4,0,3596.25,-431
2022-10-03 00:32:05,3,-3,3596.25,-434
2022-10-03 00:32:09,4,3,3596.25,-431
2022-10-03 00:32:10,1,-1,3596.25,-432
2022-10-03 00:32:12,1,-1,3596.0,-433
2022-10-03 00:32:13,1,-1,3596.25,-434
2022-10-03 00:32:15,1,1,3596.25,-433
2022-10-03 00:32:19,2,1,3596.25,-432
2022-10-03 00:32:23,2,-2,3596.0,-434
2022-10-03 00:32:26,2,-2,3596.0,-436
2022-10-03 00:32:27,3,-3,3595.75,-439
2022-10-03 00:32:33,2,0,3596.0,-439
2022-10-03 00:32:34,1,1,3595.75,-438
2022-10-03 00:32:35,9,9,3595.75,-429
2022-10-03 00:32:36,7,-3,3595.75,-432
2022-10-03 00:32:38,1,-1,3595.5,-433
2022-10-03 00:32:40,1,1,3595.75,-432
2022-10-03 00:32:41,1,-1,3595.5,-433
2022-10-03 00:32:42,8,-2,3595.75,-435
2022-10-03 00:32:43,1,-1,3595.5,-436
2022-10-03 00:32:49,3,3,3595.75,-433
2022-10-03 00:32:53,3,2,3595.5,-431
2022-10-03 00:32:58,1,1,3595.5,-430
2022-10-03 00:33:00,1,1,3595.5,-429
2022-10-03 00:33:03,1,-1,3595.5,-430
2022-10-03 00:33:08,3,-3,3595.25,-433
2022-10-03 00:33:25,1,-1,3595.25,-434
2022-10-03 00:33:28,3,-3,3595.5,-437
2022-10-03 00:33:32,7,8,3596.0,-429
2022-10-03 00:33:34,3,3,3596.25,-426
2022-10-03 00:33:38,20,14,3596.75,-412
2022-10-03 00:33:43,9,-7,3596.5,-419
2022-10-03 00:33:44,1,-1,3596.5,-420
2022-10-03 00:33:52,2,0,3596.25,-420
2022-10-03 00:33:53,4,2,3596.5,-418
2022-10-03 00:33:54,1,-1,3596.25,-419
2022-10-03 00:33:59,1,-1,3596.25,-420
2022-10-03 00:34:10,1,-1,3596.25,-421
2022-10-03 00:34:13,6,7,3596.5,-414
2022-10-03 00:34:14,1,1,3596.5,-413
2022-10-03 00:34:15,5,5,3596.75,-408
2022-10-03 00:34:16,2,-2,3596.5,-410
2022-10-03 00:34:19,1,1,3596.75,-409
2022-10-03 00:34:20,9,-3,3596.75,-412
2022-10-03 00:34:21,2,2,3596.75,-410
2022-10-03 00:34:22,1,-1,3596.5,-411
2022-10-03 00:34:25,3,-3,3596.5,-414
2022-10-03 00:34:26,1,1,3596.5,-413
2022-10-03 00:34:34,25,-23,3596.25,-436
2022-10-03 00:34:35,1,1,3596.25,-435
2022-10-03 00:34:36,2,2,3596.5,-433
2022-10-03 00:34:37,49,-47,3596.25,-480
2022-10-03 00:34:38,1,-1,3595.5,-481
2022-10-03 00:34:39,10,6,3595.75,-475
2022-10-03 00:34:40,5,5,3595.75,-470
2022-10-03 00:34:42,2,2,3595.75,-468
2022-10-03 00:34:43,1,-1,3595.5,-469
2022-10-03 00:34:44,1,-1,3595.5,-470
2022-10-03 00:34:47,4,4,3596.25,-466
2022-10-03 00:34:54,2,0,3596.25,-466
2022-10-03 00:35:08,10,-10,3596.0,-476
2022-10-03 00:35:09,4,0,3595.75,-476
2022-10-03 00:35:14,1,-1,3595.75,-477
2022-10-03 00:35:16,1,-1,3595.5,-478
2022-10-03 00:35:19,11,-6,3595.5,-484
2022-10-03 00:35:20,3,3,3595.5,-481
2022-10-03 00:35:28,4,-2,3595.5,-483
2022-10-03 00:35:30,1,-1,3595.25,-484
2022-10-03 00:35:31,1,1,3595.5,-483
2022-10-03 00:35:37,1,1,3595.5,-482
2022-10-03 00:35:38,1,1,3595.5,-481
2022-10-03 00:35:42,11,-5,3595.25,-486
2022-10-03 00:35:45,1,-1,3595.25,-487
2022-10-03 00:35:46,1,-1,3595.25,-488
2022-10-03 00:35:56,3,-2,3595.25,-490
2022-10-03 00:35:57,2,0,3595.25,-490
2022-10-03 00:35:59,4,1,3595.25,-489
2022-10-03 00:36:00,7,3,3595.5,-486
2022-10-03 00:36:01,1,-1,3595.25,-487
2022-10-03 00:36:05,2,0,3595.25,-487
2022-10-03 00:36:06,1,-1,3595.0,-488
2022-10-03 00:36:07,63,-23,3595.25,-511
2022-10-03 00:36:10,5,3,3595.5,-508
2022-10-03 00:36:12,2,0,3595.75,-508
2022-10-03 00:36:14,1,-1,3595.5,-509
2022-10-03 00:36:15,2,0,3595.75,-509
2022-10-03 00:36:16,1,-1,3595.5,-510
2022-10-03 00:36:17,1,1,3595.75,-509
2022-10-03 00:36:18,14,-7,3595.75,-516
2022-10-03 00:36:19,8,7,3595.75,-509
2022-10-03 00:36:21,1,-1,3595.75,-510
2022-10-03 00:36:25,2,-2,3595.75,-512
2022-10-03 00:36:28,1,1,3595.75,-511
2022-10-03 00:36:31,1,-1,3595.5,-512
2022-10-03 00:36:34,7,1,3595.75,-511
2022-10-03 00:36:36,1,-1,3595.75,-512
2022-10-03 00:36:38,9,-9,3595.75,-521
2022-10-03 00:36:39,1,1,3595.75,-520
2022-10-03 00:36:45,3,3,3595.75,-517
2022-10-03 00:36:48,1,-1,3595.75,-518
2022-10-03 00:36:52,1,1,3595.75,-517
2022-10-03 00:36:55,14,-11,3595.5,-528
2022-10-03 00:36:56,5,-5,3595.25,-533
2022-10-03 00:36:59,3,3,3595.25,-530
2022-10-03 00:37:00,1,1,3595.25,-529
2022-10-03 00:37:01,5,-1,3595.25,-530
2022-10-03 00:37:07,25,37,3595.75,-493
2022-10-03 00:37:08,1,-1,3595.25,-494
2022-10-03 00:37:13,3,-3,3595.25,-497
2022-10-03 00:37:22,1,1,3595.25,-496
2022-10-03 00:37:23,2,2,3595.25,-494
2022-10-03 00:37:27,2,2,3595.25,-492
2022-10-03 00:37:30,5,4,3595.5,-488
2022-10-03 00:37:32,1,-1,3595.5,-489
2022-10-03 00:37:34,2,2,3595.5,-487
2022-10-03 00:37:42,5,-5,3595.5,-492
2022-10-03 00:37:44,11,-2,3595.25,-494
2022-10-03 00:37:48,5,-4,3595.0,-498
2022-10-03 00:37:52,12,-1,3595.0,-499
2022-10-03 00:37:53,3,-1,3595.0,-500
2022-10-03 00:37:54,2,2,3595.0,-498
2022-10-03 00:37:55,1,1,3595.0,-497
2022-10-03 00:37:56,12,-12,3594.75,-509
2022-10-03 00:37:57,1,1,3595.0,-508
2022-10-03 00:38:00,9,2,3595.0,-506
2022-10-03 00:38:02,3,3,3595.0,-503
2022-10-03 00:38:08,10,-5,3594.75,-508
2022-10-03 00:38:09,3,3,3594.75,-505
2022-10-03 00:38:10,3,2,3594.75,-503
2022-10-03 00:38:11,1,-1,3594.75,-504
2022-10-03 00:38:14,1,-1,3594.75,-505
2022-10-03 00:38:17,1,-1,3594.75,-506
2022-10-03 00:38:18,2,2,3595.0,-504
2022-10-03 00:38:19,3,-3,3595.0,-507
2022-10-03 00:38:21,1,-1,3594.75,-508
2022-10-03 00:38:23,1,1,3595.0,-507
2022-10-03 00:38:25,23,-26,3594.75,-533
2022-10-03 00:38:26,14,4,3594.25,-529
2022-10-03 00:38:27,9,3,3594.5,-526
2022-10-03 00:38:28,1,1,3594.5,-525
2022-10-03 00:38:29,1,-1,3594.25,-526
2022-10-03 00:38:31,21,-17,3594.25,-543
2022-10-03 00:38:32,4,-2,3594.0,-545
2022-10-03 00:38:34,3,-3,3594.0,-548
2022-10-03 00:38:36,13,6,3594.0,-542
2022-10-03 00:38:38,3,1,3594.0,-541
2022-10-03 00:38:39,2,-2,3594.0,-543
2022-10-03 00:38:40,1,-1,3593.75,-544
2022-10-03 00:38:41,1,1,3594.0,-543
2022-10-03 00:38:43,1,1,3594.0,-542
2022-10-03 00:38:44,1,-1,3594.0,-543
2022-10-03 00:38:46,18,-4,3594.0,-547
2022-10-03 00:38:48,1,1,3594.0,-546
2022-10-03 00:38:53,39,-15,3593.75,-561
2022-10-03 00:38:54,9,6,3593.5,-555
2022-10-03 00:38:55,5,-1,3593.5,-556
2022-10-03 00:38:57,4,-4,3593.5,-560
2022-10-03 00:38:58,1,-1,3593.25,-561
2022-10-03 00:39:00,1,-1,3593.25,-562
2022-10-03 00:39:02,5,3,3593.5,-559
2022-10-03 00:39:03,1,-1,3593.5,-560
2022-10-03 00:39:04,16,6,3594.0,-554
2022-10-03 00:39:05,4,0,3593.5,-554
2022-10-03 00:39:08,2,1,3593.5,-553
2022-10-03 00:39:11,1,-1,3593.5,-554
2022-10-03 00:39:12,18,-7,3593.5,-561
2022-10-03 00:39:14,14,-2,3593.5,-563
2022-10-03 00:39:15,5,-2,3593.25,-565
2022-10-03 00:39:17,1,-1,3593.25,-566
2022-10-03 00:39:18,5,0,3593.25,-566
2022-10-03 00:39:19,2,-2,3593.25,-568
2022-10-03 00:39:22,16,1,3593.0,-567
2022-10-03 00:39:23,6,4,3593.25,-563
2022-10-03 00:39:27,6,5,3593.25,-558
2022-10-03 00:39:28,3,1,3593.5,-557
2022-10-03 00:39:32,20,-14,3593.5,-571
2022-10-03 00:39:35,11,8,3593.5,-563
2022-10-03 00:39:37,2,0,3593.25,-563
2022-10-03 00:39:38,1,1,3593.5,-562
2022-10-03 00:39:40,6,4,3593.5,-558
2022-10-03 00:39:42,16,-22,3593.5,-580
2022-10-03 00:39:43,1,1,3593.5,-579
2022-10-03 00:39:49,3,3,3593.5,-576
2022-10-03 00:39:54,1,1,3593.5,-575
2022-10-03 00:39:55,20,-18,3593.25,-593
2022-10-03 00:39:58,4,-4,3593.0,-597
2022-10-03 00:39:59,3,-1,3593.25,-598
2022-10-03 00:40:00,10,-2,3593.5,-600
2022-10-03 00:40:01,1,-1,3593.0,-601
2022-10-03 00:40:02,1,-1,3593.0,-602
2022-10-03 00:40:04,4,2,3593.25,-600
2022-10-03 00:40:05,4,1,3593.25,-599
2022-10-03 00:40:06,10,5,3593.5,-594
2022-10-03 00:40:08,1,-1,3593.25,-595
2022-10-03 00:40:11,15,-24,3593.5,-619
2022-10-03 00:40:12,7,-3,3593.25,-622
2022-10-03 00:40:14,1,-1,3593.0,-623
2022-10-03 00:40:17,6,-6,3593.0,-629
2022-10-03 00:40:19,4,2,3593.0,-627
2022-10-03 00:40:20,5,2,3593.25,-625
2022-10-03 00:40:21,2,0,3593.0,-625
2022-10-03 00:40:22,2,2,3593.0,-623
2022-10-03 00:40:24,1,1,3593.0,-622
2022-10-03 00:40:25,7,1,3593.0,-621
2022-10-03 00:40:27,2,-2,3593.0,-623
2022-10-03 00:40:29,2,2,3593.0,-621
2022-10-03 00:40:30,2,2,3593.0,-619
2022-10-03 00:40:31,10,-11,3593.0,-630
2022-10-03 00:40:33,1,1,3593.0,-629
2022-10-03 00:40:36,1,-1,3592.75,-630
2022-10-03 00:40:38,4,2,3593.25,-628
2022-10-03 00:40:40,3,3,3593.25,-625
2022-10-03 00:40:42,6,6,3593.25,-619
2022-10-03 00:40:43,10,-8,3593.0,-627
2022-10-03 00:40:44,1,1,3593.0,-626
2022-10-03 00:40:47,1,-1,3593.0,-627
2022-10-03 00:40:48,12,1,3593.0,-626
2022-10-03 00:40:49,3,-3,3593.0,-629
2022-10-03 00:40:50,3,-2,3592.75,-631
2022-10-03 00:40:51,6,-6,3592.5,-637
2022-10-03 00:40:52,30,-5,3592.5,-642
2022-10-03 00:40:53,1,1,3592.75,-641
2022-10-03 00:40:54,2,-1,3592.5,-642
2022-10-03 00:40:56,2,-2,3592.5,-644
2022-10-03 00:40:58,5,3,3592.75,-641
2022-10-03 00:40:59,2,-2,3592.75,-643
2022-10-03 00:41:01,1,-1,3592.75,-644
2022-10-03 00:41:02,18,16,3593.25,-628
2022-10-03 00:41:05,1,-1,3593.0,-629
2022-10-03 00:41:07,2,2,3593.0,-627
2022-10-03 00:41:08,13,10,3593.25,-617
2022-10-03 00:41:09,3,-1,3593.0,-618
2022-10-03 00:41:16,2,-2,3593.25,-620
2022-10-03 00:41:19,37,28,3594.0,-592
2022-10-03 00:41:20,1,1,3594.0,-591
2022-10-03 00:41:22,25,18,3594.75,-573
2022-10-03 00:41:23,53,23,3595.25,-550
2022-10-03 00:41:24,18,-7,3595.25,-557
2022-10-03 00:41:26,3,3,3595.0,-554
2022-10-03 00:41:28,6,5,3595.25,-549
2022-10-03 00:41:29,15,-3,3595.5,-552
2022-10-03 00:41:31,7,-7,3595.5,-559
2022-10-03 00:41:32,2,-2,3595.25,-561
2022-10-03 00:41:34,18,-4,3595.0,-565
2022-10-03 00:41:35,1,1,3595.0,-564
2022-10-03 00:41:38,5,2,3595.0,-562
2022-10-03 00:41:40,3,1,3595.25,-561
2022-10-03 00:41:41,6,-2,3595.0,-563
2022-10-03 00:41:42,2,2,3595.25,-561
2022-10-03 00:41:43,1,-1,3595.0,-562
2022-10-03 00:41:44,2,0,3595.0,-562
2022-10-03 00:41:46,1,-1,3595.0,-563
2022-10-03 00:41:49,1,1,3595.25,-562
2022-10-03 00:41:50,3,1,3595.25,-561
2022-10-03 00:41:51,1,1,3595.0,-560
2022-10-03 00:41:54,11,-9,3594.75,-569
2022-10-03 00:41:58,10,-16,3595.0,-585
2022-10-03 00:41:59,3,-2,3594.75,-587
2022-10-03 00:42:00,3,1,3594.75,-586
2022-10-03 00:42:01,2,2,3594.75,-584
2022-10-03 00:42:12,2,2,3595.0,-582
2022-10-03 00:42:13,2,-2,3595.0,-584
2022-10-03 00:42:19,2,2,3594.75,-582
2022-10-03 00:42:21,3,3,3594.75,-579
2022-10-03 00:42:23,4,-4,3594.5,-583
2022-10-03 00:42:24,1,1,3594.5,-582
2022-10-03 00:42:25,3,2,3594.5,-580
2022-10-03 00:42:26,3,1,3594.75,-579
2022-10-03 00:42:27,2,2,3594.5,-577
2022-10-03 00:42:28,1,-1,3594.5,-578
2022-10-03 00:42:30,3,-3,3594.5,-581
2022-10-03 00:42:32,5,5,3595.0,-576
2022-10-03 00:42:36,6,0,3595.25,-576
2022-10-03 00:42:37,1,1,3595.5,-575
2022-10-03 00:42:38,7,6,3595.5,-569
2022-10-03 00:42:39,22,25,3596.0,-544
2022-10-03 00:42:42,2,-2,3595.75,-546
2022-10-03 00:42:44,4,-1,3596.0,-547
2022-10-03 00:42:45,6,4,3596.0,-543
2022-10-03 00:42:47,3,-3,3596.0,-546
2022-10-03 00:42:51,10,10,3596.25,-536
2022-10-03 00:42:52,15,2,3596.5,-534
2022-10-03 00:42:53,5,1,3596.5,-533
2022-10-03 00:42:56,6,4,3596.5,-529
2022-10-03 00:42:57,1,-1,3596.0,-530
2022-10-03 00:42:59,2,2,3596.25,-528
2022-10-03 00:43:03,2,2,3596.25,-526
2022-10-03 00:43:05,16,4,3596.5,-522
2022-10-03 00:43:06,1,-1,3596.25,-523
2022-10-03 00:43:08,2,-2,3596.25,-525
2022-10-03 00:43:10,1,1,3596.25,-524
2022-10-03 00:43:12,9,-7,3596.0,-531
2022-10-03 00:43:13,5,-5,3595.5,-536
2022-10-03 00:43:14,7,7,3595.75,-529
2022-10-03 00:43:16,1,-1,3595.75,-530
2022-10-03 00:43:17,3,0,3596.0,-530
2022-10-03 00:43:19,2,2,3596.0,-528
2022-10-03 00:43:25,2,0,3596.25,-528
2022-10-03 00:43:31,1,-1,3596.0,-529
2022-10-03 00:43:34,2,-2,3595.75,-531
2022-10-03 00:43:35,1,-1,3595.5,-532
2022-10-03 00:43:37,1,1,3596.25,-531
2022-10-03 00:43:38,2,0,3596.25,-531
2022-10-03 00:43:40,11,-10,3595.75,-541
2022-10-03 00:43:45,1,-1,3595.5,-542
2022-10-03 00:43:48,1,1,3595.75,-541
2022-10-03 00:43:53,11,-6,3595.75,-547
2022-10-03 00:43:54,1,1,3595.75,-546
2022-10-03 00:43:56,4,4,3596.0,-542
2022-10-03 00:43:57,1,-1,3595.75,-543
2022-10-03 00:43:58,2,0,3595.75,-543
2022-10-03 00:43:59,1,-1,3595.5,-544
2022-10-03 00:44:01,4,2,3596.0,-542
2022-10-03 00:44:02,10,-8,3596.0,-550
2022-10-03 00:44:03,1,-1,3595.75,-551
2022-10-03 00:44:04,2,-2,3595.75,-553
2022-10-03 00:44:06,1,1,3595.75,-552
2022-10-03 00:44:09,10,7,3596.25,-545
2022-10-03 00:44:10,3,-1,3596.25,-546
2022-10-03 00:44:13,9,-7,3596.0,-553
2022-10-03 00:44:21,2,2,3596.25,-551
2022-10-03 00:44:23,4,-2,3596.25,-553
2022-10-03 00:44:26,1,-1,3596.0,-554
2022-10-03 00:44:27,1,-1,3596.25,-555
2022-10-03 00:44:30,18,-16,3596.25,-571
2022-10-03 00:44:40,1,-1,3596.0,-572
2022-10-03 00:44:42,5,-2,3596.0,-574
2022-10-03 00:44:45,2,2,3596.0,-572
2022-10-03 00:44:47,4,-4,3596.0,-576
2022-10-03 00:44:48,2,2,3595.75,-574
2022-10-03 00:44:49,1,-1,3595.75,-575
2022-10-03 00:44:53,1,-1,3595.75,-576
2022-10-03 00:44:55,1,-1,3595.75,-577
2022-10-03 00:45:00,3,3,3596.0,-574
2022-10-03 00:45:01,1,1,3596.0,-573
2022-10-03 00:45:04,1,1,3596.0,-572
2022-10-03 00:45:06,1,-1,3596.0,-573
2022-10-03 00:45:14,1,1,3596.0,-572
2022-10-03 00:45:17,5,-1,3595.75,-573
2022-10-03 00:45:18,3,-3,3595.5,-576
2022-10-03 00:45:19,1,-1,3595.5,-577
2022-10-03 00:45:21,1,-1,3595.25,-578
2022-10-03 00:45:25,2,-2,3595.25,-580
2022-10-03 00:45:26,2,2,3595.5,-578
2022-10-03 00:45:28,3,-1,3595.75,-579
2022-10-03 00:45:33,5,-5,3595.5,-584
2022-10-03 00:45:36,3,1,3595.5,-583
2022-10-03 00:45:39,3,1,3595.75,-582
2022-10-03 00:45:42,3,1,3595.75,-581
2022-10-03 00:45:43,4,2,3596.0,-579
2022-10-03 00:45:44,2,2,3596.25,-577
2022-10-03 00:45:45,9,1,3596.0,-576
2022-10-03 00:45:49,5,-3,3595.75,-579
2022-10-03 00:45:55,3,3,3595.75,-576
2022-10-03 00:46:03,4,-4,3595.75,-580
2022-10-03 00:46:08,4,1,3596.0,-579
2022-10-03 00:46:09,1,-1,3596.0,-580
2022-10-03 00:46:11,4,-4,3596.0,-584
2022-10-03 00:46:14,1,1,3596.25,-583
2022-10-03 00:46:15,5,3,3596.25,-580
2022-10-03 00:46:16,2,0,3596.25,-580
2022-10-03 00:46:18,11,-4,3596.5,-584
2022-10-03 00:46:19,1,1,3596.25,-583
2022-10-03 00:46:21,2,2,3596.25,-581
2022-10-03 00:46:22,2,2,3596.25,-579
2022-10-03 00:46:23,3,-1,3596.25,-580
2022-10-03 00:46:28,6,1,3596.0,-579
2022-10-03 00:46:33,1,1,3596.0,-578
2022-10-03 00:46:43,20,-9,3596.0,-587
2022-10-03 00:46:45,1,-1,3595.5,-588
2022-10-03 00:46:47,1,-1,3595.5,-589
2022-10-03 00:46:48,2,-2,3595.25,-591
2022-10-03 00:46:50,1,1,3595.5,-590
2022-10-03 00:46:51,3,3,3595.75,-587
2022-10-03 00:46:53,1,-1,3595.75,-588
2022-10-03 00:46:56,2,-2,3595.5,-590
2022-10-03 00:46:59,1,-1,3595.25,-591
2022-10-03 00:47:00,1,-1,3595.25,-592
2022-10-03 00:47:03,1,-1,3595.25,-593
2022-10-03 00:47:04,1,-1,3595.25,-594
2022-10-03 00:47:05,1,-1,3595.25,-595
2022-10-03 00:47:10,5,5,3595.5,-590
2022-10-03 00:47:13,8,2,3595.5,-588
2022-10-03 00:47:24,2,-2,3595.25,-590
2022-10-03 00:47:25,2,2,3595.25,-588
2022-10-03 00:47:32,3,-3,3595.25,-591
2022-10-03 00:47:36,7,-12,3595.0,-603
2022-10-03 00:47:37,7,7,3595.0,-596
2022-10-03 00:47:38,1,-1,3594.75,-597
2022-10-03 00:47:44,1,-1,3594.75,-598
2022-10-03 00:47:45,2,-1,3594.75,-599
2022-10-03 00:47:46,1,-1,3594.75,-600
2022-10-03 00:47:48,57,-25,3595.0,-625
2022-10-03 00:47:49,5,1,3594.75,-624
2022-10-03 00:47:50,4,0,3594.5,-624
2022-10-03 00:47:51,19,-6,3594.5,-630
2022-10-03 00:47:52,12,4,3594.0,-626
2022-10-03 00:47:53,1,-1,3594.0,-627
2022-10-03 00:47:55,4,1,3594.0,-626
2022-10-03 00:47:57,2,2,3594.0,-624
2022-10-03 00:47:58,2,0,3594.25,-624
2022-10-03 00:47:59,1,-1,3594.0,-625
2022-10-03 00:48:00,7,-1,3594.25,-626
2022-10-03 00:48:01,5,4,3594.5,-622
2022-10-03 00:48:02,7,-1,3594.5,-623
2022-10-03 00:48:08,1,1,3594.5,-622
2022-10-03 00:48:12,43,-49,3594.5,-671
2022-10-03 00:48:14,1,-1,3594.0,-672
2022-10-03 00:48:15,1,-1,3594.0,-673
2022-10-03 00:48:16,1,1,3594.0,-672
2022-10-03 00:48:20,4,0,3594.25,-672
2022-10-03 00:48:31,10,-4,3594.25,-676
2022-10-03 00:48:32,1,1,3594.5,-675
2022-10-03 00:48:38,6,6,3594.5,-669
2022-10-03 00:48:40,5,3,3594.5,-666
2022-10-03 00:48:41,2,-2,3594.25,-668
2022-10-03 00:48:43,3,2,3594.5,-666
2022-10-03 00:48:47,5,-2,3594.25,-668
2022-10-03 00:48:52,3,3,3594.5,-665
2022-10-03 00:48:53,1,-1,3594.5,-666
2022-10-03 00:48:55,5,5,3594.75,-661
2022-10-03 00:48:56,1,-1,3594.5,-662
2022-10-03 00:49:00,7,-3,3594.25,-665
2022-10-03 00:49:02,3,2,3594.5,-663
2022-10-03 00:49:11,3,3,3594.75,-660
2022-10-03 00:49:12,1,-1,3594.5,-661
2022-10-03 00:49:15,2,0,3594.75,-661
2022-10-03 00:49:16,1,1,3595.0,-660
2022-10-03 00:49:17,2,2,3595.0,-658
2022-10-03 00:49:21,2,2,3595.0,-656
2022-10-03 00:49:26,1,-1,3595.0,-657
2022-10-03 00:49:35,1,1,3595.25,-656
2022-10-03 00:49:36,8,4,3595.25,-652
2022-10-03 00:49:37,3,4,3595.75,-648
2022-10-03 00:49:41,5,3,3596.0,-645
2022-10-03 00:49:44,1,-1,3595.75,-646
2022-10-03 00:49:52,3,3,3595.75,-643
2022-10-03 00:49:57,5,-5,3595.75,-648
2022-10-03 00:49:59,1,1,3595.75,-647
2022-10-03 00:50:00,2,2,3595.75,-645
2022-10-03 00:50:06,10,-2,3595.5,-647
2022-10-03 00:50:07,1,-1,3595.25,-648
2022-10-03 00:50:08,1,1,3595.75,-647
2022-10-03 00:50:09,1,1,3595.75,-646
2022-10-03 00:50:11,1,-1,3595.5,-647
2022-10-03 00:50:12,1,1,3595.75,-646
2022-10-03 00:50:14,8,4,3595.75,-642
2022-10-03 00:50:16,1,1,3595.75,-641
2022-10-03 00:50:17,1,1,3595.75,-640
2022-10-03 00:50:18,2,0,3596.0,-640
2022-10-03 00:50:19,1,1,3596.0,-639
2022-10-03 00:50:21,1,1,3596.0,-638
2022-10-03 00:50:22,12,-7,3596.0,-645
2022-10-03 00:50:23,1,1,3596.0,-644
2022-10-03 00:50:24,7,-7,3595.75,-651
2022-10-03 00:50:31,1,1,3596.0,-650
2022-10-03 00:50:33,12,-9,3595.75,-659
2022-10-03 00:50:42,5,-5,3595.75,-664
2022-10-03 00:50:44,1,-1,3595.75,-665
2022-10-03 00:50:45,5,5,3595.75,-660
2022-10-03 00:50:46,2,2,3596.0,-658
2022-10-03 00:50:50,7,-5,3595.75,-663
2022-10-03 00:50:55,6,-4,3595.75,-667
2022-10-03 00:51:03,63,35,3596.75,-632
2022-10-03 00:51:08,2,2,3596.5,-630
2022-10-03 00:51:09,3,3,3596.5,-627
2022-10-03 00:51:11,11,4,3596.75,-623
2022-10-03 00:51:12,2,2,3596.5,-621
2022-10-03 00:51:14,8,-7,3596.25,-628
2022-10-03 00:51:17,3,-3,3596.0,-631
2022-10-03 00:51:18,4,4,3596.25,-627
2022-10-03 00:51:21,1,1,3596.25,-626
2022-10-03 00:51:28,2,-2,3596.25,-628
2022-10-03 00:51:37,6,6,3596.5,-622
2022-10-03 00:51:39,9,9,3596.75,-613
2022-10-03 00:51:44,1,-1,3596.5,-614
2022-10-03 00:51:45,2,-1,3596.5,-615
2022-10-03 00:51:47,1,-1,3596.25,-616
2022-10-03 00:51:51,1,-1,3596.25,-617
2022-10-03 00:51:52,1,-1,3596.25,-618
2022-10-03 00:51:58,1,1,3596.25,-617
2022-10-03 00:52:03,1,-1,3596.0,-618
2022-10-03 00:52:12,4,4,3596.5,-614
2022-10-03 00:52:13,5,0,3596.75,-614
2022-10-03 00:52:15,3,-3,3596.75,-617
2022-10-03 00:52:17,12,-10,3596.5,-627
2022-10-03 00:52:19,3,4,3596.5,-623
2022-10-03 00:52:20,6,3,3596.5,-620
2022-10-03 00:52:25,4,2,3596.5,-618
2022-10-03 00:52:30,2,-2,3596.25,-620
2022-10-03 00:52:33,1,-1,3596.0,-621
2022-10-03 00:52:42,2,2,3596.25,-619
2022-10-03 00:52:45,1,-1,3596.0,-620
2022-10-03 00:52:46,2,2,3596.5,-618
2022-10-03 00:52:48,10,10,3596.5,-608
2022-10-03 00:52:49,3,3,3596.5,-605
2022-10-03 00:52:50,6,0,3596.75,-605
2022-10-03 00:52:52,26,-29,3596.5,-634
2022-10-03 00:52:58,7,3,3596.5,-631
2022-10-03 00:52:59,1,-1,3596.25,-632
2022-10-03 00:53:03,1,1,3596.5,-631
2022-10-03 00:53:06,5,-5,3596.25,-636
2022-10-03 00:53:15,1,-1,3596.0,-637
2022-10-03 00:53:29,8,2,3596.25,-635
2022-10-03 00:53:30,1,1,3596.25,-634
2022-10-03 00:53:43,5,5,3596.5,-629
2022-10-03 00:53:44,3,2,3596.5,-627
2022-10-03 00:53:49,4,-4,3596.75,-631
2022-10-03 00:53:50,6,6,3597.0,-625
2022-10-03 00:53:53,5,-5,3596.75,-630
2022-10-03 00:53:54,1,1,3596.75,-629
2022-10-03 00:54:00,1,-1,3596.5,-630
2022-10-03 00:54:02,5,3,3596.5,-627
2022-10-03 00:54:15,3,-1,3596.5,-628
2022-10-03 00:54:16,1,-1,3596.5,-629
2022-10-03 00:54:18,1,-1,3596.25,-630
2022-10-03 00:54:24,3,2,3596.5,-628
2022-10-03 00:54:39,1,-1,3596.5,-629
2022-10-03 00:54:45,4,4,3596.75,-625
2022-10-03 00:54:48,2,-1,3596.75,-626
2022-10-03 00:54:49,1,-1,3596.75,-627
2022-10-03 00:54:51,1,1,3596.75,-626
2022-10-03 00:54:53,2,2,3597.0,-624
2022-10-03 00:54:58,28,18,3597.25,-606
2022-10-03 00:55:00,7,-3,3597.0,-609
2022-10-03 00:55:01,1,-1,3597.0,-610
2022-10-03 00:55:02,1,-1,3597.0,-611
2022-10-03 00:55:03,2,0,3597.0,-611
2022-10-03 00:55:06,6,0,3596.75,-611
2022-10-03 00:55:13,1,-1,3596.5,-612
2022-10-03 00:55:16,2,2,3596.75,-610
2022-10-03 00:55:17,2,-2,3596.5,-612
2022-10-03 00:55:19,2,2,3596.5,-610
2022-10-03 00:55:22,1,-1,3596.5,-611
2022-10-03 00:55:26,1,-1,3596.5,-612
2022-10-03 00:55:32,8,-3,3596.5,-615
2022-10-03 00:55:38,1,1,3596.75,-614
2022-10-03 00:55:42,1,1,3596.5,-613
2022-10-03 00:55:43,14,12,3597.0,-601
2022-10-03 00:55:44,3,-3,3597.0,-604
2022-10-03 00:55:46,1,-1,3597.0,-605
2022-10-03 00:55:47,3,1,3597.0,-604
2022-10-03 00:56:04,3,3,3597.25,-601
2022-10-03 00:56:09,4,4,3597.25,-597
2022-10-03 00:56:14,3,-1,3597.25,-598
2022-10-03 00:56:15,1,-1,3597.25,-599
2022-10-03 00:56:17,1,-1,3597.25,-600
2022-10-03 00:56:20,3,3,3597.5,-597
2022-10-03 00:56:21,1,1,3597.5,-596
2022-10-03 00:56:26,2,-2,3597.25,-598
2022-10-03 00:56:27,2,0,3597.0,-598
2022-10-03 00:56:29,1,1,3597.0,-597
2022-10-03 00:56:33,1,1,3597.25,-596
2022-10-03 00:56:36,1,-1,3597.0,-597
2022-10-03 00:56:39,2,2,3597.0,-595
2022-10-03 00:56:41,6,2,3597.0,-593
2022-10-03 00:56:43,2,2,3597.0,-591
2022-10-03 00:56:47,1,-1,3597.0,-592
2022-10-03 00:56:51,1,-1,3597.0,-593
2022-10-03 00:56:52,1,1,3597.0,-592
2022-10-03 00:56:53,20,12,3597.25,-580
2022-10-03 00:56:55,6,0,3597.25,-580
2022-10-03 00:56:57,1,1,3597.5,-579
2022-10-03 00:57:01,1,1,3597.25,-578
2022-10-03 00:57:03,1,1,3597.25,-577
2022-10-03 00:57:04,1,1,3597.25,-576
2022-10-03 00:57:07,2,2,3597.5,-574
2022-10-03 00:57:08,1,1,3597.5,-573
2022-10-03 00:57:10,1,1,3597.5,-572
2022-10-03 00:57:12,7,6,3597.5,-566
2022-10-03 00:57:16,13,-2,3597.5,-568
2022-10-03 00:57:17,1,-1,3597.25,-569
2022-10-03 00:57:20,4,-4,3597.25,-573
2022-10-03 00:57:26,1,-1,3597.0,-574
2022-10-03 00:57:36,1,-1,3597.0,-575
2022-10-03 00:57:43,7,5,3597.25,-570
2022-10-03 00:57:46,8,0,3597.25,-570
2022-10-03 00:57:49,2,0,3597.25,-570
2022-10-03 00:57:53,2,-2,3597.25,-572
2022-10-03 00:57:55,4,3,3597.5,-569
2022-10-03 00:57:59,3,3,3597.5,-566
2022-10-03 00:58:05,1,-1,3597.0,-567
2022-10-03 00:58:08,2,-2,3597.0,-569
2022-10-03 00:58:19,2,2,3597.0,-567
2022-10-03 00:58:20,2,2,3597.0,-565
2022-10-03 00:58:21,1,1,3597.0,-564
2022-10-03 00:58:22,2,-2,3597.0,-566
2022-10-03 00:58:24,1,-1,3597.0,-567
2022-10-03 00:58:29,6,6,3597.0,-561
2022-10-03 00:58:30,14,-14,3596.75,-575
2022-10-03 00:58:31,8,8,3597.0,-567
2022-10-03 00:58:34,1,1,3597.0,-566
2022-10-03 00:58:36,1,-1,3597.0,-567
2022-10-03 00:58:39,1,1,3597.0,-566
2022-10-03 00:58:41,1,-1,3597.0,-567
2022-10-03 00:58:42,1,-1,3597.0,-568
2022-10-03 00:58:47,1,1,3597.0,-567
2022-10-03 00:58:58,1,-1,3597.0,-568
2022-10-03 00:59:00,4,4,3597.0,-564
2022-10-03 00:59:03,3,-3,3596.75,-567
2022-10-03 00:59:05,6,-2,3596.5,-569
2022-10-03 00:59:06,9,1,3596.75,-568
2022-10-03 00:59:09,8,8,3596.75,-560
2022-10-03 00:59:12,13,-2,3596.5,-562
2022-10-03 00:59:13,5,-2,3596.5,-564
2022-10-03 00:59:18,2,-2,3596.5,-566
2022-10-03 00:59:19,1,1,3596.5,-565
2022-10-03 00:59:27,4,-2,3596.5,-567
2022-10-03 00:59:33,14,1,3596.5,-566
2022-10-03 00:59:34,2,-2,3596.25,-568
2022-10-03 00:59:36,5,3,3596.75,-565
2022-10-03 00:59:40,6,3,3596.5,-562
2022-10-03 00:59:41,1,-1,3596.25,-563
2022-10-03 00:59:45,3,3,3596.25,-560
2022-10-03 00:59:55,10,-8,3596.0,-568
2022-10-03 00:59:56,2,2,3595.75,-566
2022-10-03 00:59:58,5,4,3595.75,-562
2022-10-03 01:00:00,7,5,3595.75,-557
2022-10-03 01:00:01,17,-13,3595.5,-570
2022-10-03 01:00:02,19,8,3595.5,-562
2022-10-03 01:00:03,2,-2,3595.25,-564
2022-10-03 01:00:04,17,-2,3595.5,-566
2022-10-03 01:00:05,13,-5,3595.25,-571
2022-10-03 01:00:06,5,2,3595.0,-569
2022-10-03 01:00:07,22,-2,3595.0,-571
2022-10-03 01:00:09,1,-1,3595.0,-572
2022-10-03 01:00:10,7,-5,3594.75,-577
2022-10-03 01:00:11,1,-1,3594.75,-578
2022-10-03 01:00:14,10,-3,3594.5,-581
2022-10-03 01:00:15,33,-22,3594.0,-603
2022-10-03 01:00:16,5,2,3593.75,-601
2022-10-03 01:00:17,12,9,3594.0,-592
2022-10-03 01:00:18,10,2,3594.25,-590
2022-10-03 01:00:19,13,12,3594.5,-578
2022-10-03 01:00:20,2,-2,3594.25,-580
2022-10-03 01:00:21,2,0,3594.5,-580
2022-10-03 01:00:22,3,1,3594.5,-579
2022-10-03 01:00:23,2,1,3594.5,-578
2022-10-03 01:00:25,12,6,3595.0,-572
2022-10-03 01:00:26,4,-4,3595.0,-576
2022-10-03 01:00:27,1,-1,3595.0,-577
2022-10-03 01:00:29,23,-8,3595.0,-585
2022-10-03 01:00:30,6,0,3594.75,-585
2022-10-03 01:00:34,4,3,3594.75,-582
2022-10-03 01:00:38,11,11,3595.0,-571
2022-10-03 01:00:40,29,-23,3595.0,-594
2022-10-03 01:00:46,2,2,3595.25,-592
2022-10-03 01:00:47,7,7,3595.75,-585
2022-10-03 01:00:49,1,-1,3595.5,-586
2022-10-03 01:00:58,14,6,3595.5,-580
2022-10-03 01:00:59,2,2,3595.75,-578
2022-10-03 01:01:00,4,-2,3596.0,-580
2022-10-03 01:01:01,7,-8,3596.0,-588
2022-10-03 01:01:02,11,1,3595.5,-587
2022-10-03 01:01:04,2,0,3595.75,-587
2022-10-03 01:01:05,5,1,3595.75,-586
2022-10-03 01:01:06,1,-1,3595.5,-587
2022-10-03 01:01:07,4,-4,3595.5,-591
2022-10-03 01:01:09,3,-1,3595.0,-592
2022-10-03 01:01:10,2,0,3595.0,-592
2022-10-03 01:01:11,5,-5,3594.75,-597
2022-10-03 01:01:13,1,1,3594.75,-596
2022-10-03 01:01:14,1,1,3595.0,-595
2022-10-03 01:01:15,2,2,3595.0,-593
2022-10-03 01:01:17,2,-2,3594.75,-595
2022-10-03 01:01:26,2,-2,3595.0,-597
2022-10-03 01:01:27,2,-1,3595.0,-598
2022-10-03 01:01:28,4,4,3595.0,-594
2022-10-03 01:01:31,1,-1,3594.75,-595
2022-10-03 01:01:32,2,2,3595.0,-593
2022-10-03 01:01:37,5,1,3595.0,-592
2022-10-03 01:01:38,2,0,3595.25,-592
2022-10-03 01:01:43,2,2,3595.25,-590
2022-10-03 01:01:48,1,-1,3595.25,-591
2022-10-03 01:01:51,1,1,3595.25,-590
2022-10-03 01:01:53,1,-1,3595.0,-591
2022-10-03 01:01:57,3,-1,3595.25,-592
2022-10-03 01:02:02,1,-1,3595.0,-593
2022-10-03 01:02:04,3,1,3595.25,-592
2022-10-03 01:02:08,2,2,3595.25,-590
2022-10-03 01:02:09,1,-1,3595.0,-591
2022-10-03 01:02:10,27,-5,3595.0,-596
2022-10-03 01:02:12,9,9,3595.25,-587
2022-10-03 01:02:13,8,6,3596.0,-581
2022-10-03 01:02:16,1,1,3596.0,-580
2022-10-03 01:02:20,7,7,3596.0,-573
2022-10-03 01:02:21,6,2,3596.25,-571
2022-10-03 01:02:23,1,-1,3596.0,-572
2022-10-03 01:02:24,1,1,3596.25,-571
2022-10-03 01:02:28,5,5,3596.5,-566
2022-10-03 01:02:29,2,2,3596.75,-564
2022-10-03 01:02:30,7,3,3597.25,-561
2022-10-03 01:02:31,6,6,3597.75,-555
2022-10-03 01:02:32,15,-11,3597.5,-566
2022-10-03 01:02:33,1,-1,3597.25,-567
2022-10-03 01:02:35,3,1,3597.5,-566
2022-10-03 01:02:36,8,8,3597.75,-558
2022-10-03 01:02:37,5,5,3597.75,-553
2022-10-03 01:02:38,5,-3,3597.75,-556
2022-10-03 01:02:39,4,4,3597.75,-552
2022-10-03 01:02:40,4,-4,3597.5,-556
2022-10-03 01:02:43,1,1,3597.5,-555
2022-10-03 01:02:46,2,2,3597.5,-553
2022-10-03 01:02:47,8,-8,3597.5,-561
2022-10-03 01:02:50,2,2,3597.75,-559
2022-10-03 01:02:51,8,-2,3598.0,-561
2022-10-03 01:02:53,2,-2,3597.75,-563
2022-10-03 01:02:54,6,6,3597.75,-557
2022-10-03 01:02:57,6,6,3598.0,-551
2022-10-03 01:02:58,16,-14,3597.75,-565
2022-10-03 01:02:59,1,-1,3597.25,-566
2022-10-03 01:03:00,3,-1,3597.0,-567
2022-10-03 01:03:02,2,-2,3597.25,-569
2022-10-03 01:03:03,1,1,3597.25,-568
2022-10-03 01:03:05,4,1,3597.25,-567
2022-10-03 01:03:06,3,1,3597.25,-566
2022-10-03 01:03:08,1,1,3597.25,-565
2022-10-03 01:03:13,1,1,3597.5,-564
2022-10-03 01:03:14,3,-3,3597.25,-567
2022-10-03 01:03:23,2,-2,3596.75,-569
2022-10-03 01:03:24,4,2,3596.75,-567
2022-10-03 01:03:31,6,-2,3597.0,-569
2022-10-03 01:03:32,2,2,3596.5,-567
2022-10-03 01:03:33,4,-4,3596.75,-571
2022-10-03 01:03:37,1,-1,3596.75,-572
2022-10-03 01:03:40,8,4,3597.0,-568
2022-10-03 01:03:41,1,-1,3597.0,-569
2022-10-03 01:03:48,1,1,3597.0,-568
2022-10-03 01:03:50,1,-1,3597.0,-569
2022-10-03 01:03:52,10,-14,3596.75,-583
2022-10-03 01:03:53,2,-2,3596.5,-585
2022-10-03 01:04:00,1,1,3596.5,-584
2022-10-03 01:04:05,1,1,3596.5,-583
2022-10-03 01:04:06,2,-2,3596.25,-585
2022-10-03 01:04:08,4,0,3596.25,-585
2022-10-03 01:04:09,1,-1,3596.25,-586
2022-10-03 01:04:10,6,6,3596.75,-580
2022-10-03 01:04:14,4,-4,3596.5,-584
2022-10-03 01:04:16,1,1,3596.5,-583
2022-10-03 01:04:17,1,-1,3596.5,-584
2022-10-03 01:04:18,1,1,3596.5,-583
2022-10-03 01:04:22,1,1,3596.75,-582
2022-10-03 01:04:23,1,1,3596.5,-581
2022-10-03 01:04:26,1,-1,3596.5,-582
2022-10-03 01:04:28,1,-1,3596.25,-583
2022-10-03 01:04:29,8,-8,3596.25,-591
2022-10-03 01:04:30,3,-3,3596.0,-594
2022-10-03 01:04:31,8,-9,3595.75,-603
2022-10-03 01:04:32,1,-1,3595.75,-604
2022-10-03 01:04:36,1,1,3596.0,-603
2022-10-03 01:04:37,1,1,3596.0,-602
2022-10-03 01:04:38,1,-1,3596.0,-603
2022-10-03 01:04:46,3,1,3596.0,-602
2022-10-03 01:04:47,2,2,3596.5,-600
2022-10-03 01:04:50,1,1,3596.25,-599
2022-10-03 01:04:57,3,-3,3596.25,-602
2022-10-03 01:04:59,2,-2,3596.0,-604
2022-10-03 01:05:01,1,-1,3596.0,-605
2022-10-03 01:05:03,1,1,3596.25,-604
2022-10-03 01:05:04,3,-3,3596.0,-607
2022-10-03 01:05:15,23,-4,3595.75,-611
2022-10-03 01:05:19,6,-2,3596.0,-613
2022-10-03 01:05:23,1,1,3596.0,-612
2022-10-03 01:05:25,3,1,3596.0,-611
2022-10-03 01:05:30,1,1,3596.0,-610
2022-10-03 01:05:36,11,9,3596.25,-601
2022-10-03 01:05:37,1,1,3596.25,-600
2022-10-03 01:05:41,3,-1,3596.25,-601
2022-10-03 01:05:42,2,2,3596.5,-599
2022-10-03 01:05:45,5,5,3596.75,-594
2022-10-03 01:05:46,1,1,3597.0,-593
2022-10-03 01:05:51,3,-1,3597.0,-594
2022-10-03 01:06:01,6,0,3596.75,-594
2022-10-03 01:06:03,7,6,3597.0,-588
2022-10-03 01:06:05,15,1,3597.0,-587
2022-10-03 01:06:06,1,1,3597.0,-586
2022-10-03 01:06:09,2,0,3597.0,-586
2022-10-03 01:06:15,19,-13,3596.75,-599
2022-10-03 01:06:16,12,-9,3596.25,-608
2022-10-03 01:06:18,2,2,3596.0,-606
2022-10-03 01:06:19,5,5,3595.75,-601
2022-10-03 01:06:20,2,0,3596.0,-601
2022-10-03 01:06:21,2,1,3595.75,-600
2022-10-03 01:06:22,10,-8,3595.5,-608
2022-10-03 01:06:23,4,0,3595.25,-608
2022-10-03 01:06:24,9,-9,3595.0,-617
2022-10-03 01:06:25,38,-10,3595.0,-627
2022-10-03 01:06:26,3,-3,3595.0,-630
2022-10-03 01:06:27,1,1,3595.0,-629
2022-10-03 01:06:28,1,-1,3594.75,-630
2022-10-03 01:06:29,6,0,3594.75,-630
2022-10-03 01:06:30,29,19,3595.0,-611
2022-10-03 01:06:31,32,-16,3594.5,-627
2022-10-03 01:06:32,18,10,3594.0,-617
2022-10-03 01:06:33,6,-1,3594.25,-618
2022-10-03 01:06:34,11,-2,3594.0,-620
2022-10-03 01:06:35,9,-1,3594.0,-621
2022-10-03 01:06:36,5,3,3594.0,-618
2022-10-03 01:06:38,1,-1,3593.75,-619
2022-10-03 01:06:39,3,1,3594.0,-618
2022-10-03 01:06:40,5,-3,3594.0,-621
2022-10-03 01:06:41,77,-27,3593.5,-648
2022-10-03 01:06:42,10,0,3593.25,-648
2022-10-03 01:06:43,16,7,3593.5,-641
2022-10-03 01:06:44,12,1,3594.0,-640
2022-10-03 01:06:45,11,-1,3593.75,-641
2022-10-03 01:06:47,1,1,3593.5,-640
2022-10-03 01:06:48,9,7,3593.75,-633
2022-10-03 01:06:49,5,-1,3593.5,-634
2022-10-03 01:06:50,3,1,3593.5,-633
2022-10-03 01:06:51,4,-4,3593.5,-637
2022-10-03 01:06:53,3,-3,3593.25,-640
2022-10-03 01:06:54,1,-1,3593.25,-641
2022-10-03 01:06:55,1,-1,3593.25,-642
2022-10-03 01:06:56,2,2,3593.25,-640
2022-10-03 01:06:58,7,-1,3593.25,-641
2022-10-03 01:07:00,6,2,3593.5,-639
2022-10-03 01:07:01,9,5,3594.0,-634
2022-10-03 01:07:02,4,4,3593.75,-630
2022-10-03 01:07:04,8,-7,3593.5,-637
2022-10-03 01:07:05,4,3,3593.25,-634
2022-10-03 01:07:06,6,-2,3593.5,-636
2022-10-03 01:07:07,1,1,3593.5,-635
2022-10-03 01:07:08,7,-5,3593.25,-640
2022-10-03 01:07:10,7,0,3592.75,-640
2022-10-03 01:07:11,4,1,3593.0,-639
2022-10-03 01:07:12,3,-3,3592.75,-642
2022-10-03 01:07:13,1,1,3593.0,-641
2022-10-03 01:07:14,2,0,3593.0,-641
2022-10-03 01:07:15,2,-2,3593.0,-643
2022-10-03 01:07:17,2,-2,3593.0,-645
2022-10-03 01:07:18,4,-1,3593.0,-646
2022-10-03 01:07:19,1,1,3593.0,-645
2022-10-03 01:07:20,1,-1,3593.0,-646
2022-10-03 01:07:23,9,3,3593.0,-643
2022-10-03 01:07:24,1,-1,3592.75,-644
2022-10-03 01:07:26,1,1,3593.0,-643
2022-10-03 01:07:27,3,1,3593.0,-642
2022-10-03 01:07:28,1,1,3592.75,-641
2022-10-03 01:07:29,68,-44,3592.5,-685
2022-10-03 01:07:30,6,0,3592.25,-685
2022-10-03 01:07:31,4,-2,3592.0,-687
2022-10-03 01:07:32,7,-5,3592.0,-692
2022-10-03 01:07:33,16,5,3592.25,-687
2022-10-03 01:07:34,7,-3,3592.0,-690
2022-10-03 01:07:35,1,-1,3591.75,-691
2022-10-03 01:07:36,5,1,3591.75,-690
2022-10-03 01:07:37,2,-1,3591.75,-691
2022-10-03 01:07:38,10,2,3592.0,-689
2022-10-03 01:07:39,3,1,3591.75,-688
2022-10-03 01:07:41,1,-1,3591.75,-689
2022-10-03 01:07:42,4,0,3591.75,-689
2022-10-03 01:07:43,1,1,3591.75,-688
2022-10-03 01:07:44,52,-30,3591.5,-718
2022-10-03 01:07:45,37,11,3591.75,-707
2022-10-03 01:07:46,13,-17,3591.75,-724
2022-10-03 01:07:47,2,-2,3591.5,-726
2022-10-03 01:07:48,20,6,3592.0,-720
2022-10-03 01:07:49,2,2,3592.25,-718
2022-10-03 01:07:50,25,0,3592.5,-718
2022-10-03 01:07:51,2,-2,3592.0,-720
2022-10-03 01:07:52,11,5,3592.5,-715
2022-10-03 01:07:53,2,2,3592.25,-713
2022-10-03 01:07:54,1,1,3592.25,-712
2022-10-03 01:07:55,7,7,3592.5,-705
2022-10-03 01:07:56,17,-12,3592.25,-717
2022-10-03 01:07:57,6,-4,3592.0,-721
2022-10-03 01:07:58,3,-3,3591.75,-724
2022-10-03 01:07:59,2,-2,3591.75,-726
2022-10-03 01:08:00,7,-3,3592.0,-729
2022-10-03 01:08:01,3,1,3592.0,-728
2022-10-03 01:08:05,40,32,3592.75,-696
2022-10-03 01:08:06,4,2,3592.5,-694
2022-10-03 01:08:07,13,2,3592.75,-692
2022-10-03 01:08:09,13,11,3592.75,-681
2022-10-03 01:08:10,6,-6,3592.75,-687
2022-10-03 01:08:11,5,5,3593.0,-682
2022-10-03 01:08:12,8,6,3593.25,-676
2022-10-03 01:08:13,4,3,3593.25,-673
2022-10-03 01:08:14,1,-1,3593.0,-674
2022-10-03 01:08:15,1,1,3593.25,-673
2022-10-03 01:08:16,11,0,3593.0,-673
2022-10-03 01:08:17,2,2,3593.0,-671
2022-10-03 01:08:18,1,1,3593.0,-670
2022-10-03 01:08:19,3,3,3593.0,-667
2022-10-03 01:08:20,5,1,3593.0,-666
2022-10-03 01:08:21,1,-1,3592.75,-667
2022-10-03 01:08:23,7,-1,3592.75,-668
2022-10-03 01:08:24,5,-4,3592.5,-672
2022-10-03 01:08:25,6,-2,3592.25,-674
2022-10-03 01:08:26,3,-1,3592.25,-675
2022-10-03 01:08:28,8,-1,3592.25,-676
2022-10-03 01:08:31,1,1,3592.25,-675
2022-10-03 01:08:33,1,-1,3592.25,-676
2022-10-03 01:08:34,12,-10,3592.0,-686
2022-10-03 01:08:35,1,-1,3591.75,-687
2022-10-03 01:08:36,4,-4,3591.5,-691
2022-10-03 01:08:37,1,-1,3591.5,-692
2022-10-03 01:08:38,3,-3,3591.5,-695
2022-10-03 01:08:39,1,1,3591.75,-694
2022-10-03 01:08:40,8,-1,3591.75,-695
2022-10-03 01:08:41,3,0,3591.75,-695
2022-10-03 01:08:42,2,-2,3591.75,-697
2022-10-03 01:08:44,1,1,3592.0,-696
2022-10-03 01:08:45,4,0,3592.0,-696
2022-10-03 01:08:46,3,3,3592.0,-693
2022-10-03 01:08:48,6,4,3592.5,-689
2022-10-03 01:08:49,6,-1,3592.25,-690
2022-10-03 01:08:50,4,4,3592.5,-686
2022-10-03 01:08:51,1,-1,3592.5,-687
2022-10-03 01:08:53,41,-48,3592.5,-735
2022-10-03 01:08:58,3,3,3592.5,-732
2022-10-03 01:08:59,1,1,3592.5,-731
2022-10-03 01:09:00,4,2,3592.5,-729
2022-10-03 01:09:01,3,-1,3592.75,-730
2022-10-03 01:09:03,1,-1,3592.75,-731
2022-10-03 01:09:04,1,-1,3592.75,-732
2022-10-03 01:09:08,5,5,3593.0,-727
2022-10-03 01:09:10,3,-3,3592.75,-730
2022-10-03 01:09:11,1,1,3592.75,-729
2022-10-03 01:09:12,1,-1,3592.75,-730
2022-10-03 01:09:15,5,3,3592.75,-727
2022-10-03 01:09:17,1,1,3592.75,-726
2022-10-03 01:09:18,4,-4,3592.5,-730
2022-10-03 01:09:20,2,-2,3592.25,-732
2022-10-03 01:09:21,1,-1,3592.0,-733
2022-10-03 01:09:22,8,-2,3592.0,-735
2022-10-03 01:09:25,2,2,3592.25,-733
2022-10-03 01:09:26,27,-37,3592.25,-770
2022-10-03 01:09:27,2,2,3592.0,-768
2022-10-03 01:09:28,2,2,3592.0,-766
2022-10-03 01:09:32,47,-43,3592.0,-809
2022-10-03 01:09:33,1,-1,3591.5,-810
2022-10-03 01:09:34,13,5,3591.25,-805
2022-10-03 01:09:35,18,-11,3591.5,-816
2022-10-03 01:09:36,11,-16,3591.5,-832
2022-10-03 01:09:39,3,2,3591.75,-830
2022-10-03 01:09:40,1,1,3591.75,-829
2022-10-03 01:09:42,1,1,3591.75,-828
2022-10-03 01:09:43,2,-2,3592.0,-830
2022-10-03 01:09:44,2,1,3592.0,-829
2022-10-03 01:09:45,2,-2,3591.75,-831
2022-10-03 01:09:47,2,1,3591.75,-830
2022-10-03 01:09:50,17,-6,3591.75,-836
2022-10-03 01:09:52,1,1,3591.75,-835
2022-10-03 01:09:54,5,1,3592.0,-834
2022-10-03 01:09:56,1,1,3592.25,-833
2022-10-03 01:09:57,5,-5,3592.25,-838
2022-10-03 01:09:58,5,5,3592.25,-833
2022-10-03 01:09:59,1,1,3592.5,-832
2022-10-03 01:10:00,2,0,3592.5,-832
2022-10-03 01:10:01,8,8,3593.0,-824
2022-10-03 01:10:02,7,1,3593.0,-823
2022-10-03 01:10:04,5,-5,3592.5,-828
2022-10-03 01:10:05,1,1,3592.5,-827
2022-10-03 01:10:10,1,1,3592.25,-826
2022-10-03 01:10:11,2,-2,3592.0,-828
2022-10-03 01:10:12,2,-1,3591.75,-829
2022-10-03 01:10:13,7,-3,3591.5,-832
2022-10-03 01:10:14,2,-2,3591.25,-834
2022-10-03 01:10:15,4,2,3591.5,-832
2022-10-03 01:10:16,6,-4,3591.5,-836
2022-10-03 01:10:18,7,7,3591.75,-829
2022-10-03 01:10:19,9,-6,3591.75,-835
2022-10-03 01:10:20,2,2,3591.5,-833
2022-10-03 01:10:21,4,4,3591.75,-829
2022-10-03 01:10:24,4,-4,3591.75,-833
2022-10-03 01:10:26,3,-3,3591.75,-836
2022-10-03 01:10:27,12,-9,3591.5,-845
2022-10-03 01:10:28,5,3,3591.5,-842
2022-10-03 01:10:30,1,-1,3591.5,-843
2022-10-03 01:10:31,2,-2,3591.5,-845
2022-10-03 01:10:32,3,3,3591.5,-842
2022-10-03 01:10:33,4,-2,3591.25,-844
2022-10-03 01:10:34,1,-1,3591.0,-845
2022-10-03 01:10:36,23,-16,3591.0,-861
2022-10-03 01:10:37,1,-1,3590.75,-862
2022-10-03 01:10:38,16,-3,3591.25,-865
2022-10-03 01:10:39,1,-1,3591.0,-866
2022-10-03 01:10:42,9,-8,3590.75,-874
2022-10-03 01:10:43,7,-1,3590.75,-875
2022-10-03 01:10:44,2,2,3591.0,-873
2022-10-03 01:10:46,7,7,3591.0,-866
2022-10-03 01:10:47,10,6,3591.25,-860
2022-10-03 01:10:48,1,1,3591.25,-859
2022-10-03 01:10:50,285,-238,3591.5,-1097
2022-10-03 01:10:51,76,-10,3590.25,-1107
2022-10-03 01:10:52,38,1,3590.25,-1106
2022-10-03 01:10:53,14,-23,3590.25,-1129
2022-10-03 01:10:54,6,-1,3590.0,-1130
2022-10-03 01:10:55,7,0,3590.25,-1130
2022-10-03 01:10:57,5,-1,3590.25,-1131
2022-10-03 01:10:59,2,2,3590.25,-1129
2022-10-03 01:11:00,6,6,3590.5,-1123
2022-10-03 01:11:01,2,2,3590.5,-1121
2022-10-03 01:11:03,42,15,3591.25,-1106
2022-10-03 01:11:04,5,5,3591.25,-1101
2022-10-03 01:11:05,45,-19,3591.25,-1120
2022-10-03 01:11:06,1,-1,3590.5,-1121
2022-10-03 01:11:07,1,-1,3590.5,-1122
2022-10-03 01:11:09,3,1,3591.0,-1121
2022-10-03 01:11:10,9,-7,3591.0,-1128
2022-10-03 01:11:11,7,-5,3590.75,-1133
2022-10-03 01:11:12,1,1,3590.75,-1132
2022-10-03 01:11:14,2,0,3590.5,-1132
2022-10-03 01:11:15,2,0,3590.75,-1132
2022-10-03 01:11:17,2,0,3590.75,-1132
2022-10-03 01:11:18,8,1,3590.75,-1131
2022-10-03 01:11:21,9,2,3591.5,-1129
2022-10-03 01:11:23,2,-2,3591.0,-1131
2022-10-03 01:11:24,10,0,3591.0,-1131
2022-10-03 01:11:25,1,1,3591.0,-1130
2022-10-03 01:11:27,4,-4,3590.75,-1134
2022-10-03 01:11:31,1,-1,3590.75,-1135
2022-10-03 01:11:36,14,-1,3591.0,-1136
2022-10-03 01:11:37,14,-3,3591.25,-1139
2022-10-03 01:11:38,19,7,3591.25,-1132
2022-10-03 01:11:40,1,1,3591.25,-1131
2022-10-03 01:11:43,8,-1,3591.0,-1132
2022-10-03 01:11:44,1,1,3591.0,-1131
2022-10-03 01:11:45,9,10,3591.25,-1121
2022-10-03 01:11:47,1,-1,3591.0,-1122
2022-10-03 01:11:48,2,2,3591.25,-1120
2022-10-03 01:11:49,2,-2,3591.0,-1122
2022-10-03 01:11:50,10,-6,3590.75,-1128
2022-10-03 01:11:51,1,1,3590.75,-1127
2022-10-03 01:11:53,1,1,3591.0,-1126
2022-10-03 01:12:00,23,8,3591.25,-1118
2022-10-03 01:12:01,2,2,3591.5,-1116
2022-10-03 01:12:02,2,0,3591.25,-1116
2022-10-03 01:12:03,2,0,3591.25,-1116
2022-10-03 01:12:09,28,10,3591.75,-1106
2022-10-03 01:12:12,2,0,3591.75,-1106
2022-10-03 01:12:13,1,1,3591.75,-1105
2022-10-03 01:12:14,8,-2,3591.75,-1107
2022-10-03 01:12:15,3,-1,3591.75,-1108
2022-10-03 01:12:19,5,0,3592.0,-1108
2022-10-03 01:12:21,2,0,3592.0,-1108
2022-10-03 01:12:23,3,1,3591.75,-1107
2022-10-03 01:12:24,1,1,3591.75,-1106
2022-10-03 01:12:26,1,-1,3591.5,-1107
2022-10-03 01:12:27,6,0,3591.75,-1107
2022-10-03 01:12:29,5,-3,3591.5,-1110
2022-10-03 01:12:30,36,32,3592.5,-1078
2022-10-03 01:12:31,9,5,3592.75,-1073
2022-10-03 01:12:32,10,-4,3592.5,-1077
2022-10-03 01:12:35,1,1,3592.5,-1076
2022-10-03 01:12:38,12,-6,3592.5,-1082
2022-10-03 01:12:39,1,1,3592.5,-1081
2022-10-03 01:12:40,7,4,3592.5,-1077
2022-10-03 01:12:42,2,2,3592.5,-1075
2022-10-03 01:12:43,2,2,3592.5,-1073
2022-10-03 01:12:44,18,12,3592.75,-1061
2022-10-03 01:12:45,2,2,3593.0,-1059
2022-10-03 01:12:46,4,4,3593.0,-1055
2022-10-03 01:12:47,7,-1,3592.75,-1056
2022-10-03 01:12:48,1,-1,3592.75,-1057
2022-10-03 01:12:50,1,1,3593.0,-1056
2022-10-03 01:12:59,24,-16,3592.75,-1072
2022-10-03 01:13:00,13,1,3592.25,-1071
2022-10-03 01:13:01,9,-3,3592.0,-1074
2022-10-03 01:13:03,4,0,3591.75,-1074
2022-10-03 01:13:05,3,-1,3591.75,-1075
2022-10-03 01:13:06,3,3,3592.25,-1072
2022-10-03 01:13:08,2,-2,3592.25,-1074
2022-10-03 01:13:10,6,-3,3592.0,-1077
2022-10-03 01:13:14,1,1,3592.0,-1076
2022-10-03 01:13:15,3,1,3591.75,-1075
2022-10-03 01:13:16,1,1,3591.75,-1074
2022-10-03 01:13:17,15,-9,3591.5,-1083
2022-10-03 01:13:18,2,2,3591.5,-1081
2022-10-03 01:13:19,1,-1,3591.25,-1082
2022-10-03 01:13:20,9,-5,3591.25,-1087
2022-10-03 01:13:22,4,-4,3591.0,-1091
2022-10-03 01:13:23,6,-1,3591.0,-1092
2022-10-03 01:13:24,18,-10,3591.25,-1102
2022-10-03 01:13:26,1,-1,3591.25,-1103
2022-10-03 01:13:27,2,0,3591.5,-1103
2022-10-03 01:13:29,2,2,3591.5,-1101
2022-10-03 01:13:31,2,2,3591.75,-1099
2022-10-03 01:13:32,5,5,3592.0,-1094
2022-10-03 01:13:33,1,1,3592.25,-1093
2022-10-03 01:13:35,1,1,3592.25,-1092
2022-10-03 01:13:36,1,1,3592.25,-1091
2022-10-03 01:13:37,2,-2,3592.0,-1093
2022-10-03 01:13:40,1,-1,3591.75,-1094
2022-10-03 01:13:47,5,5,3592.0,-1089
2022-10-03 01:13:48,2,2,3592.25,-1087
2022-10-03 01:13:50,3,3,3592.25,-1084
2022-10-03 01:13:53,7,5,3592.5,-1079
2022-10-03 01:13:56,10,3,3592.5,-1076
2022-10-03 01:13:57,3,-3,3592.5,-1079
2022-10-03 01:14:00,3,-2,3592.5,-1081
2022-10-03 01:14:01,9,9,3592.5,-1072
2022-10-03 01:14:02,1,-1,3592.5,-1073
2022-10-03 01:14:03,3,-3,3592.5,-1076
2022-10-03 01:14:04,5,-1,3592.75,-1077
2022-10-03 01:14:07,81,9,3593.0,-1068
2022-10-03 01:14:08,29,-14,3592.25,-1082
2022-10-03 01:14:11,16,2,3592.25,-1080
2022-10-03 01:14:12,13,-7,3592.25,-1087
2022-10-03 01:14:18,5,-5,3591.75,-1092
2022-10-03 01:14:19,10,1,3591.5,-1091
2022-10-03 01:14:21,2,0,3591.5,-1091
2022-10-03 01:14:23,3,3,3591.5,-1088
2022-10-03 01:14:25,3,1,3591.75,-1087
2022-10-03 01:14:27,2,-2,3591.5,-1089
2022-10-03 01:14:28,1,1,3591.75,-1088
2022-10-03 01:14:33,2,-2,3591.75,-1090
2022-10-03 01:14:39,6,0,3592.0,-1090
2022-10-03 01:14:40,12,-8,3592.0,-1098
2022-10-03 01:14:41,4,-2,3591.5,-1100
2022-10-03 01:14:45,1,-1,3591.5,-1101
2022-10-03 01:14:46,1,1,3591.5,-1100
2022-10-03 01:14:48,2,2,3591.5,-1098
2022-10-03 01:14:52,2,2,3591.75,-1096
2022-10-03 01:14:53,1,1,3591.75,-1095
2022-10-03 01:14:54,1,-1,3591.75,-1096
2022-10-03 01:15:00,10,4,3592.0,-1092
2022-10-03 01:15:01,6,-3,3592.25,-1095
2022-10-03 01:15:02,1,1,3592.0,-1094
2022-10-03 01:15:04,3,-1,3591.75,-1095
2022-10-03 01:15:06,8,7,3592.0,-1088
2022-10-03 01:15:07,5,-4,3592.0,-1092
2022-10-03 01:15:08,2,2,3592.0,-1090
2022-10-03 01:15:13,4,-3,3591.75,-1093
2022-10-03 01:15:14,2,-2,3591.5,-1095
2022-10-03 01:15:15,1,1,3591.75,-1094
2022-10-03 01:15:16,1,-1,3591.5,-1095
2022-10-03 01:15:17,3,-1,3591.5,-1096
2022-10-03 01:15:18,5,-3,3591.5,-1099
2022-10-03 01:15:21,8,-4,3591.25,-1103
2022-10-03 01:15:23,1,-1,3591.25,-1104
2022-10-03 01:15:25,2,2,3591.5,-1102
2022-10-03 01:15:26,1,-1,3591.25,-1103
2022-10-03 01:15:28,1,1,3591.25,-1102
2022-10-03 01:15:29,2,0,3591.5,-1102
2022-10-03 01:15:31,1,-1,3591.5,-1103
2022-10-03 01:15:32,25,31,3592.0,-1072
2022-10-03 01:15:40,1,1,3592.0,-1071
2022-10-03 01:15:41,2,2,3592.0,-1069
2022-10-03 01:15:44,17,14,3592.75,-1055
2022-10-03 01:15:45,34,2,3593.0,-1053
2022-10-03 01:15:46,43,16,3593.0,-1037
2022-10-03 01:15:47,13,8,3593.0,-1029
2022-10-03 01:15:48,3,1,3593.0,-1028
2022-10-03 01:15:49,5,-1,3593.0,-1029
2022-10-03 01:15:50,2,0,3593.0,-1029
2022-10-03 01:15:52,6,4,3593.0,-1025
2022-10-03 01:15:53,1,-1,3592.75,-1026
2022-10-03 01:15:55,1,-1,3592.75,-1027
2022-10-03 01:16:01,13,-3,3593.0,-1030
2022-10-03 01:16:02,3,1,3593.0,-1029
2022-10-03 01:16:04,3,-3,3592.75,-1032
2022-10-03 01:16:09,2,0,3593.0,-1032
2022-10-03 01:16:11,6,1,3593.0,-1031
2022-10-03 01:16:14,1,1,3593.0,-1030
2022-10-03 01:16:15,6,-6,3592.75,-1036
2022-10-03 01:16:16,9,5,3593.0,-1031
2022-10-03 01:16:18,1,1,3593.0,-1030
2022-10-03 01:16:19,29,13,3593.0,-1017
2022-10-03 01:16:27,23,-10,3592.75,-1027
2022-10-03 01:16:28,2,0,3593.0,-1027
2022-10-03 01:16:29,5,-3,3592.75,-1030
2022-10-03 01:16:30,3,-3,3592.5,-1033
2022-10-03 01:16:31,5,1,3592.75,-1032
2022-10-03 01:16:32,2,-2,3592.75,-1034
2022-10-03 01:16:39,1,1,3593.0,-1033
2022-10-03 01:16:47,25,11,3593.0,-1022
2022-10-03 01:16:48,10,-7,3592.75,-1029
2022-10-03 01:16:49,10,-10,3592.5,-1039
2022-10-03 01:16:51,1,-1,3592.25,-1040
2022-10-03 01:16:52,13,-20,3592.25,-1060
2022-10-03 01:16:59,2,2,3592.5,-1058
2022-10-03 01:17:01,2,-2,3592.25,-1060
2022-10-03 01:17:02,2,-2,3592.25,-1062
2022-10-03 01:17:03,1,1,3592.25,-1061
2022-10-03 01:17:09,2,2,3592.25,-1059
2022-10-03 01:17:10,17,-11,3592.0,-1070
2022-10-03 01:17:11,4,2,3592.0,-1068
2022-10-03 01:17:13,6,-6,3591.75,-1074
2022-10-03 01:17:16,1,-1,3591.75,-1075
2022-10-03 01:17:20,1,-1,3591.75,-1076
2022-10-03 01:17:21,7,-3,3591.5,-1079
2022-10-03 01:17:22,7,2,3591.5,-1077
2022-10-03 01:17:26,16,-7,3591.25,-1084
2022-10-03 01:17:27,4,2,3591.25,-1082
2022-10-03 01:17:30,1,1,3591.5,-1081
2022-10-03 01:17:33,1,-1,3591.5,-1082
2022-10-03 01:17:34,1,-1,3591.5,-1083
2022-10-03 01:17:35,1,1,3591.5,-1082
2022-10-03 01:17:36,1,-1,3591.25,-1083
2022-10-03 01:17:39,66,-23,3591.5,-1106
2022-10-03 01:17:40,32,-9,3591.25,-1115
2022-10-03 01:17:47,4,-4,3591.25,-1119
2022-10-03 01:17:48,17,-8,3591.0,-1127
2022-10-03 01:17:50,1,1,3591.25,-1126
2022-10-03 01:17:51,4,0,3591.25,-1126
2022-10-03 01:17:53,3,-1,3591.25,-1127
2022-10-03 01:17:56,52,-18,3591.0,-1145
2022-10-03 01:17:59,30,-13,3591.0,-1158
2022-10-03 01:18:00,2,0,3591.25,-1158
2022-10-03 01:18:01,17,0,3591.25,-1158
2022-10-03 01:18:02,2,0,3591.25,-1158
2022-10-03 01:18:03,1,1,3591.25,-1157
2022-10-03 01:18:05,19,4,3591.5,-1153
2022-10-03 01:18:07,1,1,3591.5,-1152
2022-10-03 01:18:08,18,-12,3591.25,-1164
2022-10-03 01:18:09,2,2,3591.25,-1162
2022-10-03 01:18:10,7,8,3591.5,-1154
2022-10-03 01:18:12,2,2,3591.25,-1152
2022-10-03 01:18:13,2,-1,3591.0,-1153
2022-10-03 01:18:15,15,-7,3591.0,-1160
2022-10-03 01:18:17,65,-39,3591.0,-1199
2022-10-03 01:18:18,3,3,3590.25,-1196
2022-10-03 01:18:19,1,-1,3590.25,-1197
2022-10-03 01:18:21,18,-12,3590.0,-1209
2022-10-03 01:18:22,14,-2,3590.25,-1211
2022-10-03 01:18:23,2,-2,3590.0,-1213
2022-10-03 01:18:24,4,2,3590.25,-1211
2022-10-03 01:18:25,4,-2,3590.25,-1213
2022-10-03 01:18:26,2,0,3590.25,-1213
2022-10-03 01:18:28,1,1,3590.25,-1212
2022-10-03 01:18:29,5,1,3590.25,-1211
2022-10-03 01:18:30,1,1,3590.25,-1210
2022-10-03 01:18:32,12,-4,3590.0,-1214
2022-10-03 01:18:34,1,1,3590.0,-1213
2022-10-03 01:18:35,3,3,3590.0,-1210
2022-10-03 01:18:39,2,2,3590.0,-1208
2022-10-03 01:18:40,2,2,3590.25,-1206
2022-10-03 01:18:41,9,7,3590.5,-1199
2022-10-03 01:18:42,7,7,3590.75,-1192
2022-10-03 01:18:43,1,-1,3590.75,-1193
2022-10-03 01:18:46,3,1,3590.75,-1192
2022-10-03 01:18:47,2,-2,3590.5,-1194
2022-10-03 01:18:57,80,-28,3590.5,-1222
2022-10-03 01:18:59,15,1,3589.75,-1221
2022-10-03 01:19:00,16,8,3590.0,-1213
2022-10-03 01:19:01,4,0,3590.0,-1213
2022-10-03 01:19:02,11,-2,3590.0,-1215
2022-10-03 01:19:03,6,6,3590.0,-1209
2022-10-03 01:19:05,15,3,3590.5,-1206
2022-10-03 01:19:06,16,-18,3590.25,-1224
2022-10-03 01:19:07,2,0,3590.25,-1224
2022-10-03 01:19:08,6,6,3590.5,-1218
2022-10-03 01:19:09,2,2,3590.5,-1216
2022-10-03 01:19:11,3,-3,3590.25,-1219
2022-10-03 01:19:12,4,4,3590.75,-1215
2022-10-03 01:19:16,4,0,3590.75,-1215
2022-10-03 01:19:20,5,2,3590.75,-1213
2022-10-03 01:19:21,3,-2,3590.5,-1215
2022-10-03 01:19:23,4,1,3590.5,-1214
2022-10-03 01:19:24,4,0,3590.5,-1214
2022-10-03 01:19:28,1,1,3590.5,-1213
2022-10-03 01:19:29,2,-2,3590.25,-1215
2022-10-03 01:19:34,2,2,3590.25,-1213
2022-10-03 01:19:39,2,2,3590.5,-1211
2022-10-03 01:19:40,3,3,3590.5,-1208
2022-10-03 01:19:50,14,-1,3590.0,-1209
2022-10-03 01:19:51,7,-3,3590.0,-1212
2022-10-03 01:19:54,1,1,3590.25,-1211
2022-10-03 01:19:55,1,1,3590.5,-1210
2022-10-03 01:20:00,6,3,3590.25,-1207
2022-10-03 01:20:05,11,6,3590.25,-1201
2022-10-03 01:20:06,1,1,3590.25,-1200
2022-10-03 01:20:08,14,8,3590.0,-1192
2022-10-03 01:20:09,5,5,3590.25,-1187
2022-10-03 01:20:10,12,-4,3590.5,-1191
2022-10-03 01:20:13,4,-2,3590.25,-1193
2022-10-03 01:20:15,3,1,3590.25,-1192
2022-10-03 01:20:16,4,2,3590.25,-1190
2022-10-03 01:20:19,22,5,3590.5,-1185
2022-10-03 01:20:26,2,0,3590.25,-1185
2022-10-03 01:20:27,1,1,3590.25,-1184
2022-10-03 01:20:30,5,-1,3590.25,-1185
2022-10-03 01:20:32,1,1,3590.25,-1184
2022-10-03 01:20:34,1,1,3590.25,-1183
2022-10-03 01:20:36,1,1,3590.25,-1182
2022-10-03 01:20:42,6,2,3590.25,-1180
2022-10-03 01:20:47,6,6,3590.25,-1174
2022-10-03 01:20:52,2,1,3590.5,-1173
2022-10-03 01:20:53,1,1,3590.5,-1172
2022-10-03 01:20:55,10,3,3590.5,-1169
2022-10-03 01:20:56,3,1,3590.5,-1168
2022-10-03 01:20:57,4,0,3590.75,-1168
2022-10-03 01:20:58,2,-2,3590.25,-1170
2022-10-03 01:21:02,9,1,3590.25,-1169
2022-10-03 01:21:04,5,1,3590.25,-1168
2022-10-03 01:21:06,5,-5,3590.25,-1173
2022-10-03 01:21:08,2,0,3590.5,-1173
2022-10-03 01:21:10,8,8,3590.75,-1165
2022-10-03 01:21:14,1,1,3591.0,-1164
2022-10-03 01:21:16,4,-3,3590.75,-1167
2022-10-03 01:21:17,4,3,3590.75,-1164
2022-10-03 01:21:21,1,-1,3590.5,-1165
2022-10-03 01:21:24,1,-1,3590.5,-1166
2022-10-03 01:21:29,3,3,3590.75,-1163
2022-10-03 01:21:33,5,1,3590.75,-1162
2022-10-03 01:21:39,3,-3,3590.75,-1165
2022-10-03 01:21:46,38,15,3591.0,-1150
2022-10-03 01:21:49,2,1,3590.75,-1149
2022-10-03 01:21:50,3,-3,3590.75,-1152
2022-10-03 01:21:52,1,-1,3590.75,-1153
2022-10-03 01:21:54,3,1,3590.75,-1152
2022-10-03 01:21:57,4,-4,3590.75,-1156
2022-10-03 01:21:58,1,-1,3590.75,-1157
2022-10-03 01:22:00,3,-3,3590.75,-1160
2022-10-03 01:22:06,1,-1,3590.75,-1161
2022-10-03 01:22:07,1,1,3591.0,-1160
2022-10-03 01:22:09,2,0,3591.0,-1160
2022-10-03 01:22:14,1,-1,3590.75,-1161
2022-10-03 01:22:15,12,5,3591.0,-1156
2022-10-03 01:22:16,1,-1,3590.75,-1157
2022-10-03 01:22:20,5,-3,3590.75,-1160
2022-10-03 01:22:22,33,28,3592.0,-1132
2022-10-03 01:22:23,2,0,3591.75,-1132
2022-10-03 01:22:24,2,2,3592.0,-1130
2022-10-03 01:22:25,7,4,3592.0,-1126
2022-10-03 01:22:26,17,9,3592.25,-1117
2022-10-03 01:22:28,12,12,3592.5,-1105
2022-10-03 01:22:29,32,16,3593.0,-1089
2022-10-03 01:22:30,6,0,3593.0,-1089
2022-10-03 01:22:31,3,0,3593.0,-1089
2022-10-03 01:22:32,1,1,3592.75,-1088
2022-10-03 01:22:33,4,2,3592.75,-1086
2022-10-03 01:22:34,5,5,3593.0,-1081
2022-10-03 01:22:38,17,-6,3592.75,-1087
2022-10-03 01:22:40,8,0,3593.0,-1087
2022-10-03 01:22:41,2,0,3592.75,-1087
2022-10-03 01:22:42,11,-7,3592.75,-1094
2022-10-03 01:22:43,1,-1,3592.5,-1095
2022-10-03 01:22:45,4,2,3592.75,-1093
2022-10-03 01:22:46,5,-5,3592.75,-1098
2022-10-03 01:22:47,4,-4,3592.75,-1102
2022-10-03 01:22:48,5,3,3592.75,-1099
2022-10-03 01:22:49,1,-1,3592.5,-1100
2022-10-03 01:22:54,2,2,3592.75,-1098
2022-10-03 01:22:55,21,16,3593.0,-1082
2022-10-03 01:22:56,2,2,3593.0,-1080
2022-10-03 01:22:59,27,23,3593.5,-1057
2022-10-03 01:23:00,2,2,3593.5,-1055
2022-10-03 01:23:01,10,1,3593.75,-1054
2022-10-03 01:23:02,2,2,3593.5,-1052
2022-10-03 01:23:04,17,-11,3593.5,-1063
2022-10-03 01:23:05,2,-2,3593.25,-1065
2022-10-03 01:23:06,3,1,3593.25,-1064
2022-10-03 01:23:08,1,1,3593.25,-1063
2022-10-03 01:23:12,3,3,3593.5,-1060
2022-10-03 01:23:13,6,-6,3593.5,-1066
2022-10-03 01:23:14,27,-13,3593.25,-1079
2022-10-03 01:23:15,1,-1,3592.75,-1080
2022-10-03 01:23:16,3,-3,3592.75,-1083
2022-10-03 01:23:17,13,-6,3592.75,-1089
2022-10-03 01:23:18,5,-5,3592.25,-1094
2022-10-03 01:23:20,11,-4,3592.25,-1098
2022-10-03 01:23:22,6,5,3592.25,-1093
2022-10-03 01:23:27,19,-18,3592.25,-1111
2022-10-03 01:23:28,12,-15,3591.75,-1126
2022-10-03 01:23:29,10,-2,3591.25,-1128
2022-10-03 01:23:30,10,0,3591.5,-1128
2022-10-03 01:23:32,1,1,3591.5,-1127
2022-10-03 01:23:33,1,-1,3591.5,-1128
2022-10-03 01:23:38,14,11,3592.0,-1117
2022-10-03 01:23:39,1,-1,3591.75,-1118
2022-10-03 01:23:40,15,8,3592.25,-1110
2022-10-03 01:23:41,1,1,3592.0,-1109
2022-10-03 01:23:42,3,-3,3591.75,-1112
2022-10-03 01:23:43,6,-3,3592.0,-1115
2022-10-03 01:23:44,7,-7,3591.75,-1122
2022-10-03 01:23:46,1,-1,3591.5,-1123
2022-10-03 01:23:47,6,6,3591.75,-1117
2022-10-03 01:23:50,3,-3,3591.75,-1120
2022-10-03 01:23:52,5,5,3591.75,-1115
2022-10-03 01:23:56,4,4,3591.75,-1111
2022-10-03 01:23:57,1,-1,3591.5,-1112
2022-10-03 01:23:59,9,-5,3591.5,-1117
2022-10-03 01:24:02,1,-1,3591.5,-1118
2022-10-03 01:24:05,1,-1,3591.0,-1119
2022-10-03 01:24:11,6,-3,3591.0,-1122
2022-10-03 01:24:12,1,-1,3590.75,-1123
2022-10-03 01:24:16,4,4,3591.0,-1119
2022-10-03 01:24:17,6,0,3591.0,-1119
2022-10-03 01:24:18,2,2,3591.25,-1117
2022-10-03 01:24:19,5,6,3591.5,-1111
2022-10-03 01:24:20,1,1,3591.5,-1110
2022-10-03 01:24:22,1,1,3591.75,-1109
2022-10-03 01:24:23,2,2,3592.0,-1107
2022-10-03 01:24:24,4,4,3592.25,-1103
2022-10-03 01:24:25,4,4,3592.25,-1099
2022-10-03 01:24:29,1,1,3592.5,-1098
2022-10-03 01:24:30,8,-6,3592.25,-1104
2022-10-03 01:24:31,14,12,3592.5,-1092
2022-10-03 01:24:34,5,4,3592.5,-1088
2022-10-03 01:24:35,1,-1,3592.25,-1089
2022-10-03 01:24:36,1,-1,3592.5,-1090
2022-10-03 01:24:39,1,-1,3592.25,-1091
2022-10-03 01:24:43,31,2,3592.5,-1089
2022-10-03 01:24:48,2,2,3592.75,-1087
2022-10-03 01:24:49,5,5,3593.25,-1082
2022-10-03 01:24:50,26,-7,3593.5,-1089
2022-10-03 01:24:51,5,-5,3593.0,-1094
2022-10-03 01:24:52,32,2,3593.0,-1092
2022-10-03 01:24:53,2,0,3593.0,-1092
2022-10-03 01:24:54,1,-1,3592.5,-1093
2022-10-03 01:24:57,1,1,3592.75,-1092
2022-10-03 01:24:58,1,1,3592.75,-1091
2022-10-03 01:25:00,12,-7,3592.75,-1098
2022-10-03 01:25:02,1,1,3592.5,-1097
2022-10-03 01:25:07,14,-2,3592.5,-1099
2022-10-03 01:25:08,1,-1,3592.5,-1100
2022-10-03 01:25:09,2,-2,3592.25,-1102
2022-10-03 01:25:11,7,2,3592.5,-1100
2022-10-03 01:25:13,2,0,3592.75,-1100
2022-10-03 01:25:14,2,-2,3592.75,-1102
2022-10-03 01:25:16,1,1,3592.75,-1101
2022-10-03 01:25:17,12,-7,3592.5,-1108
2022-10-03 01:25:21,6,6,3592.75,-1102
2022-10-03 01:25:39,10,-8,3592.5,-1110
2022-10-03 01:25:40,2,0,3592.5,-1110
2022-10-03 01:25:44,3,3,3592.75,-1107
2022-10-03 01:25:47,42,-12,3593.0,-1119
2022-10-03 01:25:48,4,0,3592.25,-1119
2022-10-03 01:25:51,1,1,3592.5,-1118
2022-10-03 01:25:58,3,3,3592.75,-1115
2022-10-03 01:26:01,1,1,3592.5,-1114
2022-10-03 01:26:02,10,-10,3592.25,-1124
2022-10-03 01:26:11,1,-1,3592.0,-1125
2022-10-03 01:26:12,1,-1,3592.0,-1126
2022-10-03 01:26:16,3,-1,3592.0,-1127
2022-10-03 01:26:19,2,0,3592.0,-1127
2022-10-03 01:26:23,5,-9,3592.0,-1136
2022-10-03 01:26:24,5,-3,3591.75,-1139
2022-10-03 01:26:25,4,-4,3591.5,-1143
2022-10-03 01:26:31,14,1,3591.5,-1142
2022-10-03 01:26:33,2,2,3591.75,-1140
2022-10-03 01:26:35,4,4,3592.0,-1136
2022-10-03 01:26:39,4,-4,3591.75,-1140
2022-10-03 01:26:41,2,0,3591.5,-1140
2022-10-03 01:26:44,1,-1,3591.5,-1141
2022-10-03 01:26:47,1,-1,3591.5,-1142
2022-10-03 01:26:57,3,-3,3591.25,-1145
2022-10-03 01:27:00,6,1,3591.5,-1144
2022-10-03 01:27:03,3,1,3591.5,-1143
2022-10-03 01:27:04,8,4,3591.75,-1139
2022-10-03 01:27:05,4,4,3592.25,-1135
2022-10-03 01:27:07,3,1,3592.25,-1134
2022-10-03 01:27:08,1,-1,3592.25,-1135
2022-10-03 01:27:09,2,0,3592.25,-1135
2022-10-03 01:27:10,1,1,3592.25,-1134
2022-10-03 01:27:11,2,-2,3592.25,-1136
2022-10-03 01:27:14,3,-3,3592.0,-1139
2022-10-03 01:27:15,2,-2,3591.75,-1141
2022-10-03 01:27:17,2,2,3591.75,-1139
2022-10-03 01:27:18,2,-2,3591.75,-1141
2022-10-03 01:27:21,2,-2,3591.75,-1143
2022-10-03 01:27:41,1,1,3591.75,-1142
2022-10-03 01:27:50,4,4,3591.75,-1138
2022-10-03 01:27:51,8,-7,3591.5,-1145
2022-10-03 01:27:52,7,5,3591.5,-1140
2022-10-03 01:27:56,2,-2,3591.25,-1142
2022-10-03 01:28:00,2,-2,3591.25,-1144
2022-10-03 01:28:01,8,4,3591.75,-1140
2022-10-03 01:28:02,1,-1,3591.75,-1141
2022-10-03 01:28:05,3,3,3592.0,-1138
2022-10-03 01:28:07,1,1,3592.25,-1137
2022-10-03 01:28:09,9,-7,3592.25,-1144
2022-10-03 01:28:10,1,-1,3592.25,-1145
2022-10-03 01:28:14,2,-2,3592.25,-1147
2022-10-03 01:28:16,2,-2,3592.25,-1149
2022-10-03 01:28:18,2,2,3592.5,-1147
2022-10-03 01:28:20,6,5,3593.0,-1142
2022-10-03 01:28:24,1,-1,3592.5,-1143
2022-10-03 01:28:28,1,-1,3592.5,-1144
2022-10-03 01:28:30,5,5,3593.0,-1139
2022-10-03 01:28:32,12,5,3593.25,-1134
2022-10-03 01:28:34,1,1,3593.25,-1133
2022-10-03 01:28:35,1,1,3593.0,-1132
2022-10-03 01:28:38,1,-1,3593.0,-1133
2022-10-03 01:28:39,2,-2,3592.75,-1135
2022-10-03 01:28:43,7,3,3593.0,-1132
2022-10-03 01:28:47,2,-2,3592.75,-1134
2022-10-03 01:28:51,5,-3,3592.5,-1137
2022-10-03 01:29:01,1,1,3592.25,-1136
2022-10-03 01:29:02,2,-2,3592.25,-1138
2022-10-03 01:29:06,12,-15,3592.0,-1153
2022-10-03 01:29:07,4,2,3591.75,-1151
2022-10-03 01:29:08,1,1,3591.75,-1150
2022-10-03 01:29:10,5,-1,3592.0,-1151
2022-10-03 01:29:11,1,1,3591.75,-1150
2022-10-03 01:29:13,1,1,3592.0,-1149
2022-10-03 01:29:18,9,-3,3592.0,-1152
2022-10-03 01:29:21,1,1,3592.0,-1151
2022-10-03 01:29:24,1,-1,3591.75,-1152
2022-10-03 01:29:26,2,2,3591.75,-1150
2022-10-03 01:29:29,2,-2,3591.75,-1152
2022-10-03 01:29:33,6,-5,3591.5,-1157
2022-10-03 01:29:34,1,1,3591.75,-1156
2022-10-03 01:29:38,1,-1,3591.75,-1157
2022-10-03 01:29:42,6,8,3592.0,-1149
2022-10-03 01:29:43,2,2,3592.25,-1147
2022-10-03 01:29:44,1,1,3592.75,-1146
2022-10-03 01:29:45,4,-4,3592.5,-1150
2022-10-03 01:29:46,2,2,3592.5,-1148
2022-10-03 01:29:47,2,-1,3592.25,-1149
2022-10-03 01:29:48,1,-1,3592.25,-1150
2022-10-03 01:29:49,1,-1,3592.0,-1151
2022-10-03 01:29:52,2,-2,3592.0,-1153
2022-10-03 01:29:53,10,-10,3591.75,-1163
2022-10-03 01:29:54,1,-1,3591.75,-1164
2022-10-03 01:29:55,25,-4,3591.75,-1168
2022-10-03 01:29:59,1,-1,3591.75,-1169
2022-10-03 01:30:00,1,-1,3591.75,-1170
2022-10-03 01:30:01,3,3,3591.75,-1167
2022-10-03 01:30:02,2,0,3591.75,-1167
2022-10-03 01:30:05,20,-2,3592.25,-1169
2022-10-03 01:30:06,2,2,3592.0,-1167
2022-10-03 01:30:20,19,-8,3592.0,-1175
2022-10-03 01:30:21,2,2,3591.75,-1173
2022-10-03 01:30:26,3,3,3592.0,-1170
2022-10-03 01:30:27,2,0,3592.0,-1170
2022-10-03 01:30:35,9,9,3592.25,-1161
2022-10-03 01:30:36,9,-9,3592.0,-1170
2022-10-03 01:30:37,8,-2,3592.0,-1172
2022-10-03 01:30:41,3,3,3592.25,-1169
2022-10-03 01:30:44,3,1,3592.5,-1168
2022-10-03 01:30:45,6,-6,3592.5,-1174
2022-10-03 01:30:46,1,1,3592.5,-1173
2022-10-03 01:30:47,5,0,3593.0,-1173
2022-10-03 01:30:49,18,2,3593.0,-1171
2022-10-03 01:30:50,1,-1,3592.5,-1172
2022-10-03 01:30:53,3,3,3592.75,-1169
2022-10-03 01:30:56,1,1,3593.0,-1168
2022-10-03 01:30:58,20,-10,3592.75,-1178
2022-10-03 01:30:59,1,1,3592.75,-1177
2022-10-03 01:31:00,1,1,3592.75,-1176
2022-10-03 01:31:03,1,-1,3592.75,-1177
2022-10-03 01:31:08,4,2,3593.0,-1175
2022-10-03 01:31:16,1,-1,3592.75,-1176
2022-10-03 01:31:17,3,3,3592.75,-1173
2022-10-03 01:31:19,4,2,3592.75,-1171
2022-10-03 01:31:35,20,-11,3592.75,-1182
2022-10-03 01:31:38,1,-1,3592.25,-1183
2022-10-03 01:31:39,13,-2,3592.5,-1185
2022-10-03 01:31:47,1,1,3592.5,-1184
2022-10-03 01:31:58,1,-1,3592.25,-1185
2022-10-03 01:32:00,15,11,3592.5,-1174
2022-10-03 01:32:04,2,2,3593.0,-1172
2022-10-03 01:32:05,2,2,3593.0,-1170
2022-10-03 01:32:06,15,-5,3593.25,-1175
2022-10-03 01:32:07,4,-1,3592.75,-1176
2022-10-03 01:32:13,1,1,3593.0,-1175
2022-10-03 01:32:19,4,0,3593.0,-1175
2022-10-03 01:32:22,5,-3,3593.25,-1178
2022-10-03 01:32:23,1,-1,3593.0,-1179
2022-10-03 01:32:26,2,-2,3593.0,-1181
2022-10-03 01:32:29,2,2,3593.0,-1179
2022-10-03 01:32:31,6,0,3593.25,-1179
2022-10-03 01:32:32,3,-3,3593.25,-1182
2022-10-03 01:32:35,1,1,3593.25,-1181
2022-10-03 01:32:37,1,1,3593.25,-1180
2022-10-03 01:32:38,1,1,3593.25,-1179
2022-10-03 01:32:39,3,-3,3593.0,-1182
2022-10-03 01:32:40,3,1,3593.25,-1181
2022-10-03 01:32:41,2,2,3593.25,-1179
2022-10-03 01:32:42,2,2,3593.0,-1177
2022-10-03 01:32:44,1,1,3593.25,-1176
2022-10-03 01:32:45,2,-2,3593.0,-1178
2022-10-03 01:32:46,1,-1,3593.0,-1179
2022-10-03 01:32:47,5,5,3593.25,-1174
2022-10-03 01:32:48,2,-2,3593.0,-1176
2022-10-03 01:32:49,1,-1,3593.0,-1177
2022-10-03 01:32:50,1,1,3593.0,-1176
2022-10-03 01:32:52,1,1,3593.25,-1175
2022-10-03 01:32:55,5,4,3593.25,-1171
2022-10-03 01:32:58,6,-2,3593.25,-1173
2022-10-03 01:32:59,1,1,3593.25,-1172
2022-10-03 01:33:00,1,-1,3593.0,-1173
2022-10-03 01:33:06,1,1,3593.25,-1172
2022-10-03 01:33:07,1,1,3593.0,-1171
2022-10-03 01:33:08,1,1,3593.0,-1170
2022-10-03 01:33:10,10,9,3593.25,-1161
2022-10-03 01:33:11,11,10,3593.5,-1151
2022-10-03 01:33:12,1,1,3593.5,-1150
2022-10-03 01:33:14,46,35,3594.0,-1115
2022-10-03 01:33:15,7,1,3594.0,-1114
2022-10-03 01:33:16,27,20,3594.5,-1094
2022-10-03 01:33:17,3,-1,3594.25,-1095
2022-10-03 01:33:19,12,-3,3594.0,-1098
2022-10-03 01:33:20,4,2,3594.25,-1096
2022-10-03 01:33:22,2,-2,3594.0,-1098
2022-10-03 01:33:23,2,2,3594.25,-1096
2022-10-03 01:33:24,5,-3,3594.25,-1099
2022-10-03 01:33:25,5,-1,3594.5,-1100
2022-10-03 01:33:26,5,-5,3594.0,-1105
2022-10-03 01:33:28,5,5,3594.25,-1100
2022-10-03 01:33:29,2,-2,3594.25,-1102
2022-10-03 01:33:30,11,-5,3594.25,-1107
2022-10-03 01:33:31,2,-1,3594.0,-1108
2022-10-03 01:33:34,4,-4,3593.75,-1112
2022-10-03 01:33:36,3,-3,3593.5,-1115
2022-10-03 01:33:37,1,1,3593.5,-1114
2022-10-03 01:33:38,2,0,3593.5,-1114
2022-10-03 01:33:39,1,-1,3593.5,-1115
2022-10-03 01:33:41,7,3,3593.75,-1112
2022-10-03 01:33:48,10,3,3593.5,-1109
2022-10-03 01:33:50,3,1,3593.5,-1108
2022-10-03 01:33:51,2,-2,3593.5,-1110
2022-10-03 01:33:58,1,-1,3593.5,-1111
2022-10-03 01:33:59,3,-1,3593.5,-1112
2022-10-03 01:34:00,1,1,3593.5,-1111
2022-10-03 01:34:01,6,2,3593.75,-1109
2022-10-03 01:34:02,2,-2,3593.75,-1111
2022-10-03 01:34:03,1,-1,3593.75,-1112
2022-10-03 01:34:05,1,-1,3593.75,-1113
2022-10-03 01:34:07,1,-1,3594.0,-1114
2022-10-03 01:34:08,1,-1,3593.75,-1115
2022-10-03 01:34:09,2,-2,3594.0,-1117
2022-10-03 01:34:13,11,11,3594.25,-1106
2022-10-03 01:34:14,7,-3,3594.0,-1109
2022-10-03 01:34:17,2,2,3594.25,-1107
2022-10-03 01:34:22,1,1,3594.25,-1106
2022-10-03 01:34:23,1,1,3594.5,-1105
2022-10-03 01:34:24,1,-1,3594.25,-1106
2022-10-03 01:34:26,1,-1,3594.25,-1107
2022-10-03 01:34:28,2,-2,3594.25,-1109
2022-10-03 01:34:29,11,9,3594.25,-1100
2022-10-03 01:34:32,2,2,3594.25,-1098
2022-10-03 01:34:33,1,-1,3594.0,-1099
2022-10-03 01:34:34,1,1,3594.25,-1098
2022-10-03 01:34:35,1,-1,3594.0,-1099
2022-10-03 01:34:39,75,13,3594.5,-1086
2022-10-03 01:34:40,2,-2,3594.0,-1088
2022-10-03 01:34:42,14,-1,3594.0,-1089
2022-10-03 01:34:46,3,-1,3594.25,-1090
2022-10-03 01:34:47,1,-1,3594.0,-1091
2022-10-03 01:34:48,2,2,3594.25,-1089
2022-10-03 01:34:51,4,0,3594.5,-1089
2022-10-03 01:34:55,1,-1,3594.25,-1090
2022-10-03 01:34:56,1,-1,3594.25,-1091
2022-10-03 01:35:00,4,4,3594.25,-1087
2022-10-03 01:35:01,26,13,3594.5,-1074
2022-10-03 01:35:03,22,12,3594.5,-1062
2022-10-03 01:35:06,5,1,3594.5,-1061
2022-10-03 01:35:10,10,-2,3594.25,-1063
2022-10-03 01:35:11,1,1,3594.25,-1062
2022-10-03 01:35:12,13,-7,3594.0,-1069
2022-10-03 01:35:13,2,0,3594.0,-1069
2022-10-03 01:35:14,1,1,3594.25,-1068
2022-10-03 01:35:17,2,0,3594.0,-1068
2022-10-03 01:35:19,3,3,3594.0,-1065
2022-10-03 01:35:23,1,-1,3594.0,-1066
2022-10-03 01:35:25,7,5,3594.5,-1061
2022-10-03 01:35:26,5,4,3594.5,-1057
2022-10-03 01:35:27,122,91,3595.5,-966
2022-10-03 01:35:29,6,1,3595.5,-965
2022-10-03 01:35:30,2,2,3595.5,-963
2022-10-03 01:35:31,1,-1,3595.25,-964
2022-10-03 01:35:32,12,-3,3595.5,-967
2022-10-03 01:35:33,3,1,3595.5,-966
2022-10-03 01:35:34,1,1,3595.5,-965
2022-10-03 01:35:36,3,1,3595.5,-964
2022-10-03 01:35:40,11,5,3595.5,-959
2022-10-03 01:35:43,10,8,3595.75,-951
2022-10-03 01:35:44,4,-3,3595.5,-954
2022-10-03 01:35:45,2,2,3595.5,-952
2022-10-03 01:35:47,5,-3,3595.5,-955
2022-10-03 01:35:48,3,-3,3595.5,-958
2022-10-03 01:35:49,1,-1,3595.25,-959
2022-10-03 01:35:50,1,-1,3595.25,-960
2022-10-03 01:35:51,1,1,3595.25,-959
2022-10-03 01:35:52,1,-1,3595.25,-960
2022-10-03 01:35:53,2,-2,3595.25,-962
2022-10-03 01:35:54,1,-1,3595.0,-963
2022-10-03 01:35:55,1,1,3595.25,-962
2022-10-03 01:35:56,4,4,3595.5,-958
2022-10-03 01:35:58,3,-1,3595.5,-959
2022-10-03 01:36:01,2,2,3595.5,-957
2022-10-03 01:36:02,3,-3,3595.5,-960
2022-10-03 01:36:04,1,1,3595.5,-959
2022-10-03 01:36:10,4,-2,3595.75,-961
2022-10-03 01:36:12,8,-2,3595.25,-963
2022-10-03 01:36:14,8,7,3595.5,-956
2022-10-03 01:36:17,1,1,3595.5,-955
2022-10-03 01:36:21,13,-2,3595.25,-957
2022-10-03 01:36:22,1,1,3595.25,-956
2022-10-03 01:36:23,1,-1,3595.25,-957
2022-10-03 01:36:37,9,-6,3595.0,-963
2022-10-03 01:36:39,8,6,3595.0,-957
2022-10-03 01:36:41,1,-1,3594.75,-958
2022-10-03 01:36:42,4,0,3595.0,-958
2022-10-03 01:36:43,2,-2,3594.75,-960
2022-10-03 01:36:45,2,-2,3595.0,-962
2022-10-03 01:36:46,1,-1,3595.0,-963
2022-10-03 01:36:48,2,2,3595.0,-961
2022-10-03 01:36:55,1,1,3595.0,-960
2022-10-03 01:36:59,3,1,3595.0,-959
2022-10-03 01:37:02,6,5,3595.5,-954
2022-10-03 01:37:04,1,-1,3595.25,-955
2022-10-03 01:37:07,2,2,3595.25,-953
2022-10-03 01:37:10,2,2,3595.25,-951
2022-10-03 01:37:12,3,-3,3595.0,-954
2022-10-03 01:37:17,1,1,3595.25,-953
2022-10-03 01:37:22,7,-7,3595.25,-960
2022-10-03 01:37:25,5,-8,3595.25,-968
2022-10-03 01:37:26,1,-1,3595.0,-969
2022-10-03 01:37:40,2,-2,3595.0,-971
2022-10-03 01:37:41,2,2,3595.0,-969
2022-10-03 01:37:48,1,-1,3594.75,-970
2022-10-03 01:37:52,2,2,3595.0,-968
2022-10-03 01:37:55,13,7,3595.5,-961
2022-10-03 01:38:03,3,-1,3595.5,-962
2022-10-03 01:38:10,2,-2,3595.5,-964
2022-10-03 01:38:14,2,-2,3595.5,-966
2022-10-03 01:38:15,1,1,3595.75,-965
2022-10-03 01:38:16,1,-1,3595.5,-966
2022-10-03 01:38:19,1,1,3595.75,-965
2022-10-03 01:38:20,1,-1,3595.5,-966
2022-10-03 01:38:26,4,-4,3595.25,-970
2022-10-03 01:38:37,2,0,3595.5,-970
2022-10-03 01:38:40,2,0,3595.5,-970
2022-10-03 01:38:44,1,-1,3595.25,-971
2022-10-03 01:38:51,1,-1,3595.0,-972
2022-10-03 01:38:57,2,2,3595.0,-970
2022-10-03 01:38:59,3,3,3595.0,-967
2022-10-03 01:39:00,1,-1,3594.75,-968
2022-10-03 01:39:01,22,-18,3594.75,-986
2022-10-03 01:39:03,2,-2,3594.5,-988
2022-10-03 01:39:04,1,1,3594.75,-987
2022-10-03 01:39:06,11,7,3595.0,-980
2022-10-03 01:39:08,5,-5,3594.75,-985
2022-10-03 01:39:12,20,28,3595.0,-957
2022-10-03 01:39:13,5,5,3595.25,-952
2022-10-03 01:39:15,8,3,3595.25,-949
2022-10-03 01:39:20,16,-3,3595.0,-952
2022-10-03 01:39:23,10,8,3595.25,-944
2022-10-03 01:39:27,1,1,3595.5,-943
2022-10-03 01:39:35,3,1,3595.5,-942
2022-10-03 01:39:44,4,-2,3595.75,-944
2022-10-03 01:39:45,94,114,3597.0,-830
2022-10-03 01:39:46,7,7,3596.75,-823
2022-10-03 01:39:47,1,1,3597.0,-822
2022-10-03 01:39:48,15,-11,3597.0,-833
2022-10-03 01:39:50,10,-2,3596.5,-835
2022-10-03 01:39:51,2,0,3596.75,-835
2022-10-03 01:39:55,1,1,3596.75,-834
2022-10-03 01:39:57,26,23,3597.0,-811
2022-10-03 01:39:58,5,3,3597.0,-808
2022-10-03 01:39:59,20,9,3597.0,-799
2022-10-03 01:40:00,7,-1,3597.0,-800
2022-10-03 01:40:03,12,2,3597.25,-798
2022-10-03 01:40:05,9,-9,3596.75,-807
2022-10-03 01:40:06,8,2,3596.75,-805
2022-10-03 01:40:08,5,-5,3596.75,-810
2022-10-03 01:40:11,4,-4,3596.5,-814
2022-10-03 01:40:13,6,-6,3596.5,-820
2022-10-03 01:40:14,4,-2,3596.25,-822
2022-10-03 01:40:22,5,1,3596.5,-821
2022-10-03 01:40:23,4,-4,3596.25,-825
2022-10-03 01:40:24,4,2,3596.75,-823
2022-10-03 01:40:26,1,-1,3596.75,-824
2022-10-03 01:40:31,2,1,3596.75,-823
2022-10-03 01:40:32,26,-4,3596.75,-827
2022-10-03 01:40:37,2,0,3597.0,-827
2022-10-03 01:40:40,6,-3,3596.75,-830
