Date,Vol,BidAsk,Price,BidAskCum
2022-09-19 00:00:02,1,1,3882.25,1
2022-09-19 00:00:03,6,-6,3882.0,-5
2022-09-19 00:00:04,1,1,3882.0,-4
2022-09-19 00:00:05,1,1,3882.25,-3
2022-09-19 00:00:15,1,1,3882.0,-2
2022-09-19 00:00:16,4,4,3882.0,2
2022-09-19 00:00:24,5,5,3882.0,7
2022-09-19 00:00:30,2,-2,3882.0,5
2022-09-19 00:00:35,2,-2,3882.0,3
2022-09-19 00:00:41,12,4,3882.25,7
2022-09-19 00:00:43,1,1,3882.5,8
2022-09-19 00:00:44,12,8,3882.5,16
2022-09-19 00:00:45,4,4,3882.75,20
2022-09-19 00:00:46,7,8,3883.0,28
2022-09-19 00:00:47,2,-2,3882.75,26
2022-09-19 00:00:57,1,1,3882.75,27
2022-09-19 00:01:00,1,1,3882.75,28
2022-09-19 00:01:01,1,1,3882.75,29
2022-09-19 00:01:04,1,-1,3882.5,28
2022-09-19 00:01:08,1,1,3883.0,29
2022-09-19 00:01:09,14,9,3883.0,38
2022-09-19 00:01:10,1,-1,3883.0,37
2022-09-19 00:01:13,9,-6,3883.0,31
2022-09-19 00:01:16,1,1,3883.0,32
2022-09-19 00:01:20,14,8,3883.0,40
2022-09-19 00:01:23,1,1,3883.0,41
2022-09-19 00:01:26,6,-6,3882.75,35
2022-09-19 00:01:28,1,1,3883.0,36
2022-09-19 00:01:31,10,-1,3883.0,35
2022-09-19 00:01:33,2,2,3883.0,37
2022-09-19 00:01:40,14,8,3883.0,45
2022-09-19 00:01:44,7,7,3883.0,52
2022-09-19 00:01:46,2,2,3883.0,54
2022-09-19 00:01:48,1,1,3883.0,55
2022-09-19 00:01:49,2,-2,3883.0,53
2022-09-19 00:01:51,4,4,3883.25,57
2022-09-19 00:01:52,1,1,3883.25,58
2022-09-19 00:01:54,8,4,3883.25,62
2022-09-19 00:01:55,3,2,3883.25,64
2022-09-19 00:02:00,15,5,3883.25,69
2022-09-19 00:02:01,4,0,3883.25,69
2022-09-19 00:02:19,6,-6,3883.0,63
2022-09-19 00:02:20,5,4,3883.0,67
2022-09-19 00:02:23,20,-20,3882.75,47
2022-09-19 00:02:24,1,-1,3882.5,46
2022-09-19 00:02:27,1,-1,3882.5,45
2022-09-19 00:02:31,5,-3,3882.75,42
2022-09-19 00:02:40,8,6,3883.0,48
2022-09-19 00:02:41,1,1,3882.75,49
2022-09-19 00:02:42,2,-2,3882.75,47
2022-09-19 00:02:49,2,2,3883.0,49
2022-09-19 00:02:58,1,1,3883.0,50
2022-09-19 00:03:00,12,9,3883.0,59
2022-09-19 00:03:03,2,2,3883.0,61
2022-09-19 00:03:04,1,1,3883.0,62
2022-09-19 00:03:13,1,-1,3883.0,61
2022-09-19 00:03:16,3,-3,3883.0,58
2022-09-19 00:03:19,2,2,3883.25,60
2022-09-19 00:03:21,2,-1,3883.0,59
2022-09-19 00:03:27,9,-2,3883.0,57
2022-09-19 00:03:29,6,-4,3882.75,53
2022-09-19 00:03:36,1,1,3882.75,54
2022-09-19 00:03:40,8,6,3882.75,60
2022-09-19 00:03:45,1,-1,3882.5,59
2022-09-19 00:03:48,1,-1,3882.5,58
2022-09-19 00:03:50,1,-1,3882.5,57
2022-09-19 00:03:53,2,-2,3882.5,55
2022-09-19 00:03:56,1,1,3882.75,56
2022-09-19 00:03:57,2,2,3882.75,58
2022-09-19 00:03:58,1,1,3882.75,59
2022-09-19 00:04:00,15,5,3883.0,64
2022-09-19 00:04:02,1,-1,3882.75,63
2022-09-19 00:04:03,1,-1,3882.75,62
2022-09-19 00:04:04,2,-2,3882.75,60
2022-09-19 00:04:06,2,-2,3882.75,58
2022-09-19 00:04:19,9,5,3883.0,63
2022-09-19 00:04:20,3,1,3883.0,64
2022-09-19 00:04:22,2,2,3883.25,66
2022-09-19 00:04:23,6,1,3883.25,67
2022-09-19 00:04:25,13,7,3883.75,74
2022-09-19 00:04:30,1,1,3883.5,75
2022-09-19 00:04:32,1,1,3883.5,76
2022-09-19 00:04:33,9,-3,3883.25,73
2022-09-19 00:04:34,24,-10,3883.0,63
2022-09-19 00:04:40,3,3,3883.0,66
2022-09-19 00:04:42,1,-1,3883.0,65
2022-09-19 00:04:43,2,0,3883.25,65
2022-09-19 00:04:46,1,-1,3883.0,64
2022-09-19 00:04:47,1,1,3883.25,65
2022-09-19 00:04:54,1,-1,3883.0,64
2022-09-19 00:05:00,10,1,3883.25,65
2022-09-19 00:05:02,1,1,3883.25,66
2022-09-19 00:05:15,5,-5,3883.0,61
2022-09-19 00:05:18,23,15,3883.25,76
2022-09-19 00:05:20,8,5,3883.0,81
2022-09-19 00:05:22,2,-1,3882.75,80
2022-09-19 00:05:40,3,1,3882.75,81
2022-09-19 00:05:47,1,-1,3882.75,80
2022-09-19 00:05:49,2,-2,3882.75,78
2022-09-19 00:05:54,3,-3,3882.75,75
2022-09-19 00:05:57,11,-10,3882.5,65
2022-09-19 00:06:00,12,2,3882.75,67
2022-09-19 00:06:03,2,-2,3882.5,65
2022-09-19 00:06:07,1,-1,3882.5,64
2022-09-19 00:06:10,10,8,3882.75,72
2022-09-19 00:06:20,8,6,3883.0,78
2022-09-19 00:06:31,7,5,3883.0,83
2022-09-19 00:06:40,6,4,3883.0,87
2022-09-19 00:06:45,5,3,3883.0,90
2022-09-19 00:06:46,2,2,3883.0,92
2022-09-19 00:06:57,5,-4,3883.0,88
2022-09-19 00:07:00,6,2,3882.75,90
2022-09-19 00:07:17,1,-1,3882.5,89
2022-09-19 00:07:20,6,6,3882.75,95
2022-09-19 00:07:22,1,-1,3882.75,94
2022-09-19 00:07:38,1,-1,3882.5,93
2022-09-19 00:07:40,5,2,3882.75,95
2022-09-19 00:07:45,6,-6,3882.5,89
2022-09-19 00:07:52,16,-15,3882.0,74
2022-09-19 00:07:59,2,-2,3881.75,72
2022-09-19 00:08:00,8,4,3882.0,76
2022-09-19 00:08:01,1,1,3882.0,77
2022-09-19 00:08:07,1,-1,3881.75,76
2022-09-19 00:08:12,1,1,3882.0,77
2022-09-19 00:08:16,1,1,3882.0,78
2022-09-19 00:08:20,3,3,3882.0,81
2022-09-19 00:08:29,20,-24,3881.75,57
2022-09-19 00:08:30,2,2,3881.5,59
2022-09-19 00:08:33,3,1,3881.75,60
2022-09-19 00:08:34,1,-1,3881.5,59
2022-09-19 00:08:36,2,-2,3881.5,57
2022-09-19 00:08:53,14,-12,3881.25,45
2022-09-19 00:08:57,3,-3,3881.25,42
2022-09-19 00:09:00,1,1,3881.5,43
2022-09-19 00:09:02,1,1,3881.5,44
2022-09-19 00:09:06,3,-3,3881.25,41
2022-09-19 00:09:10,4,3,3881.25,44
2022-09-19 00:09:12,1,1,3881.25,45
2022-09-19 00:09:14,1,-1,3881.0,44
2022-09-19 00:09:17,14,-10,3881.0,34
2022-09-19 00:09:21,2,2,3881.25,36
2022-09-19 00:09:24,2,2,3881.0,38
2022-09-19 00:09:25,5,3,3881.25,41
2022-09-19 00:09:27,3,-3,3881.25,38
2022-09-19 00:09:28,3,-1,3881.25,37
2022-09-19 00:09:30,1,1,3881.5,38
2022-09-19 00:09:34,1,-1,3881.25,37
2022-09-19 00:09:50,2,-2,3881.0,35
2022-09-19 00:10:00,2,-2,3881.0,33
2022-09-19 00:10:01,1,-1,3881.0,32
2022-09-19 00:10:03,1,-1,3881.0,31
2022-09-19 00:10:08,1,1,3881.0,32
2022-09-19 00:10:11,2,2,3881.0,34
2022-09-19 00:10:13,2,3,3881.25,37
2022-09-19 00:10:17,10,10,3881.25,47
2022-09-19 00:10:19,1,1,3881.25,48
2022-09-19 00:10:25,3,-3,3881.0,45
2022-09-19 00:10:32,2,2,3881.0,47
2022-09-19 00:10:34,1,-1,3880.75,46
2022-09-19 00:10:40,9,-7,3881.0,39
2022-09-19 00:10:46,5,-5,3880.75,34
2022-09-19 00:10:47,1,-1,3880.75,33
2022-09-19 00:10:49,1,-1,3880.75,32
2022-09-19 00:10:51,2,-2,3880.75,30
2022-09-19 00:10:52,1,-1,3880.75,29
2022-09-19 00:11:02,1,-1,3880.75,28
2022-09-19 00:11:04,2,-2,3880.75,26
2022-09-19 00:11:05,2,-2,3880.75,24
2022-09-19 00:11:06,1,-1,3880.75,23
2022-09-19 00:11:09,3,-2,3880.75,21
2022-09-19 00:11:10,1,-1,3880.75,20
2022-09-19 00:11:13,3,3,3881.0,23
2022-09-19 00:11:22,13,6,3881.0,29
2022-09-19 00:11:25,15,-10,3880.75,19
2022-09-19 00:11:26,24,-19,3880.75,0
2022-09-19 00:11:27,7,3,3880.25,3
2022-09-19 00:11:30,20,-7,3880.25,-4
2022-09-19 00:11:31,13,2,3880.25,-2
2022-09-19 00:11:35,2,-2,3880.0,-4
2022-09-19 00:11:38,8,-7,3880.0,-11
2022-09-19 00:11:39,4,-4,3880.0,-15
2022-09-19 00:11:40,2,1,3880.25,-14
2022-09-19 00:11:44,3,-3,3880.0,-17
2022-09-19 00:11:45,1,-1,3880.0,-18
2022-09-19 00:11:47,1,-1,3880.0,-19
2022-09-19 00:11:52,8,5,3880.25,-14
2022-09-19 00:11:55,6,6,3880.5,-8
2022-09-19 00:12:10,3,3,3880.25,-5
2022-09-19 00:12:13,2,2,3880.25,-3
2022-09-19 00:12:21,2,0,3880.25,-3
2022-09-19 00:12:22,1,-1,3880.0,-4
2022-09-19 00:12:25,2,2,3880.25,-2
2022-09-19 00:12:30,2,-2,3880.0,-4
2022-09-19 00:12:32,3,-2,3880.0,-6
2022-09-19 00:12:36,2,-2,3880.0,-8
2022-09-19 00:12:37,1,1,3880.0,-7
2022-09-19 00:12:41,9,-9,3879.75,-16
2022-09-19 00:12:42,3,2,3879.75,-14
2022-09-19 00:12:47,2,-2,3879.5,-16
2022-09-19 00:12:49,2,0,3879.75,-16
2022-09-19 00:12:52,1,-1,3879.5,-17
2022-09-19 00:12:53,5,-3,3879.75,-20
2022-09-19 00:12:56,2,2,3879.75,-18
2022-09-19 00:12:57,1,-1,3879.5,-19
2022-09-19 00:12:59,1,-1,3879.5,-20
2022-09-19 00:13:00,21,3,3879.75,-17
2022-09-19 00:13:01,1,1,3879.5,-16
2022-09-19 00:13:04,2,2,3879.5,-14
2022-09-19 00:13:07,9,-5,3879.25,-19
2022-09-19 00:13:09,6,-4,3879.25,-23
2022-09-19 00:13:10,7,7,3879.25,-16
2022-09-19 00:13:12,2,2,3879.25,-14
2022-09-19 00:13:14,3,1,3879.25,-13
2022-09-19 00:13:15,8,3,3879.25,-10
2022-09-19 00:13:17,1,1,3879.5,-9
2022-09-19 00:13:23,4,-2,3879.5,-11
2022-09-19 00:13:24,1,1,3879.5,-10
2022-09-19 00:13:25,2,2,3879.5,-8
2022-09-19 00:13:26,1,-1,3879.5,-9
2022-09-19 00:13:40,1,1,3879.5,-8
2022-09-19 00:13:48,1,-1,3879.5,-9
2022-09-19 00:13:53,1,-1,3879.5,-10
2022-09-19 00:13:55,2,0,3879.75,-10
2022-09-19 00:13:59,1,-1,3879.25,-11
2022-09-19 00:14:00,2,2,3879.75,-9
2022-09-19 00:14:01,1,-1,3879.5,-10
2022-09-19 00:14:02,1,-1,3879.5,-11
2022-09-19 00:14:03,7,3,3879.75,-8
2022-09-19 00:14:08,3,3,3880.0,-5
2022-09-19 00:14:09,1,1,3880.0,-4
2022-09-19 00:14:11,13,18,3880.25,14
2022-09-19 00:14:13,21,-32,3879.75,-18
2022-09-19 00:14:15,7,-3,3879.5,-21
2022-09-19 00:14:16,3,2,3879.75,-19
2022-09-19 00:14:19,1,1,3879.75,-18
2022-09-19 00:14:32,20,-29,3879.5,-47
2022-09-19 00:14:44,1,-1,3879.25,-48
2022-09-19 00:14:45,8,1,3879.5,-47
2022-09-19 00:14:47,3,3,3879.5,-44
2022-09-19 00:14:58,4,2,3879.5,-42
2022-09-19 00:15:04,1,-1,3879.75,-43
2022-09-19 00:15:08,1,1,3880.0,-42
2022-09-19 00:15:09,1,-1,3879.75,-43
2022-09-19 00:15:13,1,1,3879.75,-42
2022-09-19 00:15:23,5,1,3879.75,-41
2022-09-19 00:15:27,8,4,3880.0,-37
2022-09-19 00:15:32,2,-2,3879.75,-39
2022-09-19 00:15:43,3,3,3880.5,-36
2022-09-19 00:15:44,10,6,3880.75,-30
2022-09-19 00:15:51,4,3,3880.5,-27
2022-09-19 00:15:58,2,2,3880.5,-25
2022-09-19 00:16:11,3,1,3880.5,-24
2022-09-19 00:16:17,4,4,3881.0,-20
2022-09-19 00:16:18,41,15,3881.25,-5
2022-09-19 00:16:28,2,2,3881.0,-3
2022-09-19 00:16:29,6,-6,3880.75,-9
2022-09-19 00:16:33,1,1,3880.75,-8
2022-09-19 00:16:42,1,-1,3880.75,-9
2022-09-19 00:16:45,1,1,3881.0,-8
2022-09-19 00:16:48,1,-1,3880.75,-9
2022-09-19 00:16:51,12,12,3881.25,3
2022-09-19 00:16:52,1,-1,3881.0,2
2022-09-19 00:16:54,3,-3,3881.0,-1
2022-09-19 00:17:07,4,4,3881.0,3
2022-09-19 00:17:23,2,-1,3881.0,2
2022-09-19 00:17:27,8,6,3881.25,8
2022-09-19 00:17:30,3,3,3881.25,11
2022-09-19 00:17:31,1,1,3881.5,12
2022-09-19 00:17:32,2,2,3881.5,14
2022-09-19 00:17:34,9,9,3881.5,23
2022-09-19 00:17:35,2,1,3881.5,24
2022-09-19 00:17:42,7,-3,3881.5,21
2022-09-19 00:17:43,1,-1,3881.5,20
2022-09-19 00:17:51,5,-2,3881.5,18
2022-09-19 00:17:52,6,6,3881.75,24
2022-09-19 00:17:55,2,0,3881.5,24
2022-09-19 00:17:57,1,1,3881.75,25
2022-09-19 00:18:01,1,-1,3881.75,24
2022-09-19 00:18:02,4,-4,3881.75,20
2022-09-19 00:18:03,1,1,3881.75,21
2022-09-19 00:18:09,1,1,3881.75,22
2022-09-19 00:18:17,2,2,3881.75,24
2022-09-19 00:18:32,7,-5,3881.75,19
2022-09-19 00:18:37,5,-5,3881.5,14
2022-09-19 00:18:38,4,-4,3881.5,10
2022-09-19 00:18:45,13,-6,3881.5,4
2022-09-19 00:19:22,10,8,3881.75,12
2022-09-19 00:19:28,1,-1,3881.75,11
2022-09-19 00:19:30,6,-4,3881.75,7
2022-09-19 00:19:31,2,-2,3881.5,5
2022-09-19 00:19:56,4,2,3881.5,7
2022-09-19 00:20:07,2,-2,3881.25,5
2022-09-19 00:20:16,3,3,3881.5,8
2022-09-19 00:20:24,2,2,3881.75,10
2022-09-19 00:20:34,1,-1,3881.5,9
2022-09-19 00:20:38,4,4,3881.75,13
2022-09-19 00:20:40,10,-9,3881.75,4
2022-09-19 00:20:43,5,5,3882.0,9
2022-09-19 00:20:46,11,-7,3882.0,2
2022-09-19 00:21:02,22,27,3882.5,29
2022-09-19 00:21:04,3,1,3882.25,30
2022-09-19 00:21:05,2,-1,3882.25,29
2022-09-19 00:21:09,1,1,3882.25,30
2022-09-19 00:21:10,12,-5,3882.0,25
2022-09-19 00:21:13,7,-5,3882.25,20
2022-09-19 00:21:15,2,1,3882.0,21
2022-09-19 00:21:17,1,-1,3882.0,20
2022-09-19 00:21:18,3,0,3882.0,20
2022-09-19 00:21:23,5,-5,3882.0,15
2022-09-19 00:21:39,4,-1,3882.0,14
2022-09-19 00:21:50,1,-1,3882.0,13
2022-09-19 00:21:57,3,3,3882.25,16
2022-09-19 00:22:00,6,6,3882.5,22
2022-09-19 00:22:09,9,8,3883.0,30
2022-09-19 00:22:10,4,1,3882.75,31
2022-09-19 00:22:24,1,-1,3882.75,30
2022-09-19 00:22:26,3,-3,3882.75,27
2022-09-19 00:22:27,4,-4,3882.5,23
2022-09-19 00:22:35,1,-1,3882.5,22
2022-09-19 00:22:39,1,-1,3882.5,21
2022-09-19 00:22:40,4,-4,3882.5,17
2022-09-19 00:23:00,1,1,3882.5,18
2022-09-19 00:23:02,1,1,3882.5,19
2022-09-19 00:23:10,1,-1,3882.5,18
2022-09-19 00:23:23,1,-1,3882.25,17
2022-09-19 00:23:24,9,9,3882.5,26
2022-09-19 00:23:30,2,0,3882.5,26
2022-09-19 00:23:36,1,1,3882.5,27
2022-09-19 00:23:42,1,-1,3882.5,26
2022-09-19 00:23:47,1,1,3882.75,27
2022-09-19 00:23:53,8,7,3882.75,34
2022-09-19 00:23:57,4,2,3883.0,36
2022-09-19 00:23:59,9,-5,3882.75,31
2022-09-19 00:24:06,1,1,3882.75,32
2022-09-19 00:24:14,1,-1,3882.5,31
2022-09-19 00:24:16,1,-1,3882.5,30
2022-09-19 00:24:22,1,1,3882.5,31
2022-09-19 00:24:23,1,1,3882.75,32
2022-09-19 00:24:33,4,0,3882.75,32
2022-09-19 00:24:39,1,-1,3882.5,31
2022-09-19 00:24:49,2,-2,3882.5,29
2022-09-19 00:24:59,3,-2,3882.5,27
2022-09-19 00:25:12,1,-1,3882.5,26
2022-09-19 00:25:15,2,-1,3882.5,25
2022-09-19 00:25:16,1,-1,3882.5,24
2022-09-19 00:25:23,1,1,3882.5,25
2022-09-19 00:25:27,1,1,3882.5,26
2022-09-19 00:25:28,7,7,3882.75,33
2022-09-19 00:25:41,7,-6,3882.5,27
2022-09-19 00:25:49,1,-1,3882.5,26
2022-09-19 00:25:53,32,-30,3882.25,-4
2022-09-19 00:25:57,3,-1,3881.75,-5
2022-09-19 00:25:59,5,-1,3881.75,-6
2022-09-19 00:26:03,1,1,3881.75,-5
2022-09-19 00:26:10,1,-1,3881.5,-6
2022-09-19 00:26:11,2,0,3881.75,-6
2022-09-19 00:26:12,3,3,3881.75,-3
2022-09-19 00:26:13,1,-1,3881.5,-4
2022-09-19 00:26:18,1,1,3881.75,-3
2022-09-19 00:26:20,1,1,3881.75,-2
2022-09-19 00:26:46,7,5,3881.75,3
2022-09-19 00:26:49,8,-8,3881.5,-5
2022-09-19 00:26:56,1,-1,3881.5,-6
2022-09-19 00:26:57,2,2,3881.5,-4
2022-09-19 00:27:01,1,-1,3881.5,-5
2022-09-19 00:27:03,11,-18,3881.5,-23
2022-09-19 00:27:05,3,-3,3881.25,-26
2022-09-19 00:27:06,6,-4,3881.25,-30
2022-09-19 00:27:08,9,6,3881.25,-24
2022-09-19 00:27:11,1,1,3881.5,-23
2022-09-19 00:27:12,1,1,3881.5,-22
2022-09-19 00:27:14,7,5,3881.5,-17
2022-09-19 00:27:15,1,-1,3881.5,-18
2022-09-19 00:27:18,3,3,3881.75,-15
2022-09-19 00:27:19,7,7,3882.25,-8
2022-09-19 00:27:22,1,-1,3882.0,-9
2022-09-19 00:27:30,3,-3,3882.0,-12
2022-09-19 00:27:31,1,-1,3882.0,-13
2022-09-19 00:27:32,3,-1,3882.0,-14
2022-09-19 00:27:40,2,2,3882.0,-12
2022-09-19 00:27:41,1,1,3882.0,-11
2022-09-19 00:27:43,2,2,3882.0,-9
2022-09-19 00:27:51,1,1,3882.0,-8
2022-09-19 00:28:03,5,-5,3882.0,-13
2022-09-19 00:28:08,12,6,3882.25,-7
2022-09-19 00:28:26,2,-2,3882.0,-9
2022-09-19 00:28:31,1,-1,3881.75,-10
2022-09-19 00:28:41,3,3,3882.0,-7
2022-09-19 00:28:48,6,-4,3882.25,-11
2022-09-19 00:29:00,1,1,3882.0,-10
2022-09-19 00:29:16,11,-10,3881.75,-20
2022-09-19 00:29:30,1,-1,3881.5,-21
2022-09-19 00:29:40,1,-1,3881.25,-22
2022-09-19 00:29:45,2,2,3881.5,-20
2022-09-19 00:29:51,1,1,3881.5,-19
2022-09-19 00:29:53,6,6,3881.75,-13
2022-09-19 00:30:00,1,1,3881.75,-12
2022-09-19 00:30:01,1,1,3881.75,-11
2022-09-19 00:30:06,3,-1,3881.75,-12
2022-09-19 00:30:23,1,-1,3881.75,-13
2022-09-19 00:30:26,2,-2,3881.75,-15
2022-09-19 00:31:12,2,0,3882.25,-15
2022-09-19 00:31:20,1,1,3882.5,-14
2022-09-19 00:31:28,10,6,3882.5,-8
2022-09-19 00:31:32,7,5,3883.0,-3
2022-09-19 00:31:33,1,1,3883.0,-2
2022-09-19 00:31:34,2,-1,3882.75,-3
2022-09-19 00:31:37,3,3,3882.75,0
2022-09-19 00:31:42,2,2,3882.75,2
2022-09-19 00:31:43,3,-3,3882.75,-1
2022-09-19 00:31:47,2,2,3882.75,1
2022-09-19 00:31:49,1,1,3882.75,2
2022-09-19 00:32:02,1,1,3882.75,3
2022-09-19 00:32:03,5,-5,3882.5,-2
2022-09-19 00:32:04,1,1,3882.75,-1
2022-09-19 00:32:05,1,-1,3882.75,-2
2022-09-19 00:32:06,1,-1,3882.75,-3
2022-09-19 00:32:09,1,1,3883.0,-2
2022-09-19 00:32:11,1,-1,3882.75,-3
2022-09-19 00:32:18,1,-1,3882.75,-4
2022-09-19 00:32:21,8,-5,3882.75,-9
2022-09-19 00:32:25,2,-2,3882.5,-11
2022-09-19 00:32:27,1,1,3882.5,-10
2022-09-19 00:32:47,2,-2,3882.25,-12
2022-09-19 00:32:57,10,-8,3882.25,-20
2022-09-19 00:33:03,3,-3,3882.0,-23
2022-09-19 00:33:05,2,2,3882.25,-21
2022-09-19 00:33:06,1,-1,3882.25,-22
2022-09-19 00:33:47,1,-1,3882.0,-23
2022-09-19 00:33:52,3,-1,3882.25,-24
2022-09-19 00:33:56,1,-1,3882.25,-25
2022-09-19 00:34:16,3,3,3882.5,-22
2022-09-19 00:34:17,3,3,3882.75,-19
2022-09-19 00:34:29,3,-3,3882.5,-22
2022-09-19 00:35:00,23,19,3882.75,-3
2022-09-19 00:35:04,3,3,3883.0,0
2022-09-19 00:35:06,1,-1,3882.75,-1
2022-09-19 00:35:08,13,10,3883.25,9
2022-09-19 00:35:10,14,5,3883.5,14
2022-09-19 00:35:11,2,2,3883.25,16
2022-09-19 00:35:12,5,5,3883.5,21
2022-09-19 00:35:16,1,-1,3883.25,20
2022-09-19 00:35:17,1,-1,3883.25,19
2022-09-19 00:35:29,1,1,3883.25,20
2022-09-19 00:35:31,2,0,3883.25,20
2022-09-19 00:35:34,1,1,3883.25,21
2022-09-19 00:35:35,2,2,3883.25,23
2022-09-19 00:35:38,1,-1,3883.25,22
2022-09-19 00:35:43,2,2,3883.5,24
2022-09-19 00:35:52,13,9,3883.5,33
2022-09-19 00:36:01,5,-5,3883.5,28
2022-09-19 00:36:03,6,-6,3883.25,22
2022-09-19 00:36:07,7,-6,3883.25,16
2022-09-19 00:36:08,12,11,3883.5,27
2022-09-19 00:36:28,2,-2,3883.25,25
2022-09-19 00:36:32,4,-3,3883.25,22
2022-09-19 00:36:33,2,-1,3883.25,21
2022-09-19 00:36:34,1,1,3883.25,22
2022-09-19 00:36:35,1,-1,3883.25,21
2022-09-19 00:36:40,10,-6,3883.0,15
2022-09-19 00:36:53,7,-9,3882.75,6
2022-09-19 00:36:57,2,-2,3882.75,4
2022-09-19 00:37:03,1,-1,3882.75,3
2022-09-19 00:37:08,4,4,3882.75,7
2022-09-19 00:37:13,1,-1,3882.75,6
2022-09-19 00:37:39,6,-6,3882.5,0
2022-09-19 00:37:41,2,2,3882.5,2
2022-09-19 00:37:52,3,-3,3882.25,-1
2022-09-19 00:37:59,1,-1,3882.5,-2
2022-09-19 00:38:16,2,-2,3882.5,-4
2022-09-19 00:38:19,8,6,3882.75,2
2022-09-19 00:38:27,1,-1,3882.75,1
2022-09-19 00:38:37,2,-2,3882.5,-1
2022-09-19 00:38:53,1,-1,3882.5,-2
2022-09-19 00:39:03,1,-1,3882.25,-3
2022-09-19 00:39:26,1,1,3882.5,-2
2022-09-19 00:39:52,11,-10,3882.5,-12
2022-09-19 00:40:12,1,-1,3882.5,-13
2022-09-19 00:40:16,2,-2,3882.5,-15
2022-09-19 00:40:18,3,-3,3882.25,-18
2022-09-19 00:40:19,2,-2,3882.25,-20
2022-09-19 00:40:27,1,-1,3882.0,-21
2022-09-19 00:40:35,1,-1,3882.0,-22
2022-09-19 00:40:36,1,-1,3882.0,-23
2022-09-19 00:40:39,2,2,3882.0,-21
2022-09-19 00:40:48,1,1,3882.25,-20
2022-09-19 00:40:50,1,-1,3882.0,-21
2022-09-19 00:41:20,8,7,3882.25,-14
2022-09-19 00:41:29,1,1,3882.25,-13
2022-09-19 00:41:47,4,2,3882.25,-11
2022-09-19 00:41:50,1,-1,3882.0,-12
2022-09-19 00:42:00,1,-1,3882.0,-13
2022-09-19 00:42:12,3,-3,3882.0,-16
2022-09-19 00:42:19,4,0,3882.25,-16
2022-09-19 00:42:20,6,6,3882.25,-10
2022-09-19 00:42:28,5,-5,3882.0,-15
2022-09-19 00:42:38,1,1,3882.25,-14
2022-09-19 00:42:41,2,2,3882.25,-12
2022-09-19 00:42:54,1,1,3882.25,-11
2022-09-19 00:42:59,1,-1,3882.25,-12
2022-09-19 00:43:01,2,-2,3882.0,-14
2022-09-19 00:43:14,12,-8,3882.25,-22
2022-09-19 00:43:29,1,-1,3882.0,-23
2022-09-19 00:43:31,1,-1,3882.0,-24
2022-09-19 00:43:41,2,-2,3882.0,-26
2022-09-19 00:44:03,5,5,3882.5,-21
2022-09-19 00:44:06,2,2,3882.5,-19
2022-09-19 00:44:11,3,3,3882.5,-16
2022-09-19 00:44:24,1,1,3882.5,-15
2022-09-19 00:44:32,2,2,3882.5,-13
2022-09-19 00:44:37,2,2,3882.75,-11
2022-09-19 00:44:48,1,1,3882.75,-10
2022-09-19 00:44:54,11,-9,3882.5,-19
2022-09-19 00:44:57,1,-1,3882.25,-20
2022-09-19 00:44:58,4,4,3882.5,-16
2022-09-19 00:45:00,5,-5,3882.25,-21
2022-09-19 00:45:02,2,2,3882.25,-19
2022-09-19 00:45:11,1,-1,3882.0,-20
2022-09-19 00:45:12,4,-4,3882.0,-24
2022-09-19 00:45:26,1,1,3882.25,-23
2022-09-19 00:45:35,2,-2,3882.25,-25
2022-09-19 00:45:59,1,-1,3882.25,-26
2022-09-19 00:46:00,7,-7,3882.25,-33
2022-09-19 00:46:11,27,-11,3882.0,-44
2022-09-19 00:46:14,2,2,3882.0,-42
2022-09-19 00:46:15,2,-2,3882.0,-44
2022-09-19 00:46:21,6,5,3882.0,-39
2022-09-19 00:46:24,2,2,3882.0,-37
2022-09-19 00:46:26,40,-31,3882.0,-68
2022-09-19 00:46:27,8,2,3881.75,-66
2022-09-19 00:46:28,4,-4,3881.5,-70
2022-09-19 00:46:29,2,1,3881.75,-69
2022-09-19 00:46:32,1,-1,3881.5,-70
2022-09-19 00:46:34,1,-1,3881.5,-71
2022-09-19 00:46:38,4,0,3881.75,-71
2022-09-19 00:46:39,5,-1,3881.5,-72
2022-09-19 00:46:40,2,0,3881.75,-72
2022-09-19 00:46:41,2,-2,3881.5,-74
2022-09-19 00:46:44,16,-8,3881.5,-82
2022-09-19 00:46:45,9,-1,3881.25,-83
2022-09-19 00:46:47,1,-1,3881.25,-84
2022-09-19 00:46:50,1,-1,3881.25,-85
2022-09-19 00:46:51,1,-1,3881.25,-86
2022-09-19 00:46:54,1,-1,3881.25,-87
2022-09-19 00:46:55,27,18,3881.75,-69
2022-09-19 00:47:21,5,-5,3881.75,-74
2022-09-19 00:47:29,1,-1,3881.75,-75
2022-09-19 00:47:31,3,2,3882.0,-73
2022-09-19 00:47:32,22,-4,3882.0,-77
2022-09-19 00:47:39,2,2,3882.25,-75
2022-09-19 00:47:46,20,14,3882.5,-61
2022-09-19 00:47:47,2,0,3882.75,-61
2022-09-19 00:47:49,10,-5,3882.75,-66
2022-09-19 00:47:50,1,1,3882.75,-65
2022-09-19 00:47:51,3,2,3882.75,-63
2022-09-19 00:47:54,1,1,3883.0,-62
2022-09-19 00:47:55,3,1,3883.0,-61
2022-09-19 00:47:56,2,2,3883.0,-59
2022-09-19 00:47:57,4,0,3883.0,-59
2022-09-19 00:47:58,5,5,3882.75,-54
2022-09-19 00:48:01,2,2,3882.75,-52
2022-09-19 00:48:03,13,-10,3882.75,-62
2022-09-19 00:48:06,3,1,3882.75,-61
2022-09-19 00:48:12,6,3,3882.75,-58
2022-09-19 00:48:28,2,0,3882.75,-58
2022-09-19 00:48:31,2,-1,3882.75,-59
2022-09-19 00:48:36,1,-1,3882.5,-60
2022-09-19 00:48:39,20,-6,3882.5,-66
2022-09-19 00:48:41,8,2,3882.5,-64
2022-09-19 00:48:45,9,-9,3882.25,-73
2022-09-19 00:48:48,1,1,3882.25,-72
2022-09-19 00:48:58,12,9,3882.25,-63
2022-09-19 00:49:03,5,-4,3882.0,-67
2022-09-19 00:49:10,1,-1,3882.0,-68
2022-09-19 00:49:26,14,5,3882.5,-63
2022-09-19 00:49:34,13,8,3882.75,-55
2022-09-19 00:49:38,9,5,3882.75,-50
2022-09-19 00:49:41,24,13,3883.0,-37
2022-09-19 00:49:42,2,-2,3882.75,-39
2022-09-19 00:49:46,1,-1,3882.5,-40
2022-09-19 00:49:50,16,-7,3882.5,-47
2022-09-19 00:50:00,2,2,3882.25,-45
2022-09-19 00:50:01,2,-2,3882.25,-47
2022-09-19 00:50:08,18,13,3882.5,-34
2022-09-19 00:50:13,5,-5,3882.25,-39
2022-09-19 00:50:15,1,1,3882.25,-38
2022-09-19 00:50:17,2,-1,3882.25,-39
2022-09-19 00:50:24,1,1,3882.25,-38
2022-09-19 00:50:27,8,7,3882.5,-31
2022-09-19 00:50:29,13,3,3882.5,-28
2022-09-19 00:50:31,1,-1,3882.5,-29
2022-09-19 00:50:34,10,8,3882.75,-21
2022-09-19 00:50:36,2,1,3882.75,-20
2022-09-19 00:50:38,15,8,3883.0,-12
2022-09-19 00:50:41,2,-2,3882.75,-14
2022-09-19 00:50:43,9,-6,3882.75,-20
2022-09-19 00:50:47,29,-4,3882.5,-24
2022-09-19 00:50:49,1,-1,3882.5,-25
2022-09-19 00:50:55,45,12,3882.75,-13
2022-09-19 00:51:00,1,-1,3882.5,-14
2022-09-19 00:51:02,39,-15,3882.5,-29
2022-09-19 00:51:03,3,-1,3882.5,-30
2022-09-19 00:51:05,10,-1,3882.5,-31
2022-09-19 00:51:10,36,5,3882.5,-26
2022-09-19 00:51:13,4,-1,3882.5,-27
2022-09-19 00:51:19,1,-1,3882.5,-28
2022-09-19 00:51:20,20,-4,3882.75,-32
2022-09-19 00:51:22,5,0,3882.5,-32
2022-09-19 00:51:43,1,-1,3882.25,-33
2022-09-19 00:51:54,11,8,3882.75,-25
2022-09-19 00:51:57,1,-1,3882.5,-26
2022-09-19 00:52:02,4,-4,3882.5,-30
2022-09-19 00:52:05,2,1,3882.5,-29
2022-09-19 00:52:23,2,-2,3882.5,-31
2022-09-19 00:52:25,14,-14,3882.25,-45
2022-09-19 00:52:26,6,-4,3882.5,-49
2022-09-19 00:52:27,2,2,3882.25,-47
2022-09-19 00:52:31,13,-3,3882.0,-50
2022-09-19 00:52:34,6,-5,3881.75,-55
2022-09-19 00:52:35,1,-1,3881.75,-56
2022-09-19 00:52:36,89,-2,3881.75,-58
2022-09-19 00:52:38,3,2,3881.75,-56
2022-09-19 00:52:39,1,-1,3881.75,-57
2022-09-19 00:52:44,5,-5,3881.75,-62
2022-09-19 00:52:47,1,1,3881.75,-61
2022-09-19 00:52:53,7,7,3881.75,-54
2022-09-19 00:52:58,6,-6,3881.5,-60
2022-09-19 00:53:00,1,-1,3881.5,-61
2022-09-19 00:53:01,11,6,3881.75,-55
2022-09-19 00:53:02,1,1,3882.0,-54
2022-09-19 00:53:09,1,-1,3881.75,-55
2022-09-19 00:53:10,6,4,3882.25,-51
2022-09-19 00:53:11,1,1,3882.0,-50
2022-09-19 00:53:14,2,-2,3881.75,-52
2022-09-19 00:53:20,17,25,3882.25,-27
2022-09-19 00:53:26,4,0,3882.0,-27
2022-09-19 00:53:48,2,0,3882.0,-27
2022-09-19 00:54:03,2,-1,3882.0,-28
2022-09-19 00:54:05,6,6,3882.25,-22
2022-09-19 00:54:08,11,5,3882.25,-17
2022-09-19 00:54:15,1,-1,3882.25,-18
2022-09-19 00:54:19,3,-3,3882.25,-21
2022-09-19 00:54:20,3,-3,3882.25,-24
2022-09-19 00:54:21,1,1,3882.25,-23
2022-09-19 00:54:32,1,1,3882.25,-22
2022-09-19 00:54:35,1,1,3882.5,-21
2022-09-19 00:54:57,11,-6,3882.25,-27
2022-09-19 00:54:59,3,-1,3882.25,-28
2022-09-19 00:55:00,2,-2,3882.25,-30
2022-09-19 00:55:06,2,-2,3882.0,-32
2022-09-19 00:55:11,8,7,3882.25,-25
2022-09-19 00:55:15,1,-1,3882.25,-26
2022-09-19 00:55:18,4,4,3882.5,-22
2022-09-19 00:55:27,6,4,3882.75,-18
2022-09-19 00:55:29,8,7,3882.75,-11
2022-09-19 00:55:30,3,3,3883.0,-8
2022-09-19 00:55:34,1,-1,3882.75,-9
2022-09-19 00:55:41,4,-4,3882.75,-13
2022-09-19 00:55:45,2,2,3883.0,-11
2022-09-19 00:55:54,1,1,3883.0,-10
2022-09-19 00:56:03,7,-7,3882.75,-17
2022-09-19 00:56:11,1,1,3883.0,-16
2022-09-19 00:56:13,10,2,3883.0,-14
2022-09-19 00:56:18,1,-1,3882.75,-15
2022-09-19 00:56:25,1,-1,3882.75,-16
2022-09-19 00:56:33,2,-2,3882.75,-18
2022-09-19 00:56:38,3,3,3882.75,-15
2022-09-19 00:56:43,3,-3,3882.75,-18
2022-09-19 00:56:50,10,9,3883.0,-9
2022-09-19 00:56:52,13,-6,3882.75,-15
2022-09-19 00:56:56,4,-4,3882.75,-19
2022-09-19 00:57:04,7,10,3883.0,-9
2022-09-19 00:57:05,4,-1,3882.75,-10
2022-09-19 00:57:12,1,-1,3882.75,-11
2022-09-19 00:57:15,1,1,3883.0,-10
2022-09-19 00:57:16,2,-2,3882.75,-12
2022-09-19 00:57:25,4,3,3882.75,-9
2022-09-19 00:57:27,10,9,3883.0,0
2022-09-19 00:57:28,6,3,3883.0,3
2022-09-19 00:57:31,3,-2,3883.0,1
2022-09-19 00:57:38,2,1,3883.0,2
2022-09-19 00:57:45,1,1,3883.0,3
2022-09-19 00:57:51,5,2,3883.0,5
2022-09-19 00:57:59,2,2,3883.25,7
2022-09-19 00:58:03,5,-5,3883.0,2
2022-09-19 00:58:07,1,1,3883.25,3
2022-09-19 00:58:08,2,-2,3883.0,1
2022-09-19 00:58:09,1,1,3883.25,2
2022-09-19 00:58:11,1,1,3883.25,3
2022-09-19 00:58:13,1,-1,3883.0,2
2022-09-19 00:58:21,1,1,3883.25,3
2022-09-19 00:58:39,15,-6,3883.0,-3
2022-09-19 00:58:43,2,2,3883.0,-1
2022-09-19 00:58:45,2,-2,3882.75,-3
2022-09-19 00:59:27,10,-9,3882.75,-12
2022-09-19 00:59:31,2,-2,3882.5,-14
2022-09-19 00:59:34,15,-6,3882.75,-20
2022-09-19 00:59:35,2,2,3882.75,-18
2022-09-19 00:59:38,1,-1,3882.5,-19
2022-09-19 00:59:52,1,-1,3882.5,-20
2022-09-19 00:59:54,1,1,3882.75,-19
2022-09-19 01:00:01,1,1,3882.75,-18
2022-09-19 01:00:02,8,-8,3882.5,-26
2022-09-19 01:00:04,4,0,3882.5,-26
2022-09-19 01:00:05,1,1,3882.75,-25
2022-09-19 01:00:06,2,2,3882.5,-23
2022-09-19 01:00:07,5,3,3882.5,-20
2022-09-19 01:00:08,25,-3,3882.5,-23
2022-09-19 01:00:15,3,-3,3882.25,-26
2022-09-19 01:00:30,22,-16,3882.25,-42
2022-09-19 01:00:31,1,-1,3882.25,-43
2022-09-19 01:00:32,1,-1,3882.25,-44
2022-09-19 01:00:37,6,-6,3882.0,-50
2022-09-19 01:00:48,8,8,3882.0,-42
2022-09-19 01:00:50,3,3,3882.0,-39
2022-09-19 01:00:56,6,5,3882.25,-34
2022-09-19 01:00:59,4,-4,3882.0,-38
2022-09-19 01:01:03,46,-39,3882.0,-77
2022-09-19 01:01:07,2,1,3882.0,-76
2022-09-19 01:01:08,17,12,3882.25,-64
2022-09-19 01:01:09,1,1,3882.25,-63
2022-09-19 01:01:11,26,17,3882.5,-46
2022-09-19 01:01:17,1,-1,3882.25,-47
2022-09-19 01:01:19,1,-1,3882.25,-48
2022-09-19 01:01:21,3,-3,3882.25,-51
2022-09-19 01:01:27,16,4,3882.5,-47
2022-09-19 01:01:28,6,3,3882.5,-44
2022-09-19 01:01:29,1,1,3882.5,-43
2022-09-19 01:01:31,8,-8,3882.25,-51
2022-09-19 01:01:44,1,-1,3882.0,-52
2022-09-19 01:01:48,13,-8,3882.0,-60
2022-09-19 01:01:51,12,-10,3881.75,-70
2022-09-19 01:01:53,2,2,3881.75,-68
2022-09-19 01:01:57,7,-1,3881.75,-69
2022-09-19 01:01:58,1,-1,3881.5,-70
2022-09-19 01:01:59,1,1,3881.75,-69
2022-09-19 01:02:03,3,-3,3881.5,-72
2022-09-19 01:02:04,10,9,3881.75,-63
2022-09-19 01:02:10,1,-1,3881.5,-64
2022-09-19 01:02:12,1,1,3881.75,-63
2022-09-19 01:02:18,2,-2,3881.75,-65
2022-09-19 01:02:25,1,-1,3881.75,-66
2022-09-19 01:02:26,1,1,3881.75,-65
2022-09-19 01:02:35,1,1,3881.75,-64
2022-09-19 01:02:40,1,1,3881.75,-63
2022-09-19 01:02:45,2,2,3881.75,-61
2022-09-19 01:02:47,1,1,3881.75,-60
2022-09-19 01:02:56,1,-1,3881.5,-61
2022-09-19 01:02:59,24,-20,3881.5,-81
2022-09-19 01:03:01,1,-1,3881.25,-82
2022-09-19 01:03:03,13,-10,3881.25,-92
2022-09-19 01:03:04,2,0,3881.5,-92
2022-09-19 01:03:05,1,-1,3881.25,-93
2022-09-19 01:03:06,2,0,3881.5,-93
2022-09-19 01:03:07,1,-1,3881.25,-94
2022-09-19 01:03:08,18,-5,3881.25,-99
2022-09-19 01:03:10,1,1,3881.25,-98
2022-09-19 01:03:11,3,0,3881.25,-98
2022-09-19 01:03:20,17,-15,3881.0,-113
2022-09-19 01:03:21,1,-1,3881.0,-114
2022-09-19 01:03:22,1,-1,3881.0,-115
2022-09-19 01:03:24,1,-1,3881.0,-116
2022-09-19 01:03:26,31,19,3881.5,-97
2022-09-19 01:03:27,1,-1,3881.5,-98
2022-09-19 01:03:30,21,20,3882.0,-78
2022-09-19 01:03:35,2,-2,3881.5,-80
2022-09-19 01:03:39,1,1,3881.75,-79
2022-09-19 01:03:40,6,0,3881.75,-79
2022-09-19 01:03:41,1,-1,3881.5,-80
2022-09-19 01:03:43,1,1,3881.75,-79
2022-09-19 01:03:49,1,-1,3881.75,-80
2022-09-19 01:03:51,2,-2,3881.75,-82
2022-09-19 01:03:54,1,-1,3881.75,-83
2022-09-19 01:03:55,1,1,3881.75,-82
2022-09-19 01:04:00,5,1,3882.0,-81
2022-09-19 01:04:01,1,-1,3881.75,-82
2022-09-19 01:04:03,15,-15,3882.0,-97
2022-09-19 01:04:04,6,5,3882.0,-92
2022-09-19 01:04:06,5,-3,3882.0,-95
2022-09-19 01:04:07,1,1,3882.0,-94
2022-09-19 01:04:11,3,1,3882.0,-93
2022-09-19 01:04:14,1,-1,3881.75,-94
2022-09-19 01:04:15,6,6,3882.0,-88
2022-09-19 01:04:20,1,-1,3881.75,-89
2022-09-19 01:04:21,1,-1,3881.75,-90
2022-09-19 01:04:26,1,1,3881.75,-89
2022-09-19 01:04:29,1,-1,3881.5,-90
2022-09-19 01:04:33,35,-31,3881.5,-121
2022-09-19 01:04:35,1,1,3881.5,-120
2022-09-19 01:04:37,1,1,3881.5,-119
2022-09-19 01:04:41,11,7,3881.5,-112
2022-09-19 01:04:42,3,3,3881.75,-109
2022-09-19 01:04:55,3,2,3881.5,-107
2022-09-19 01:05:01,5,4,3881.75,-103
2022-09-19 01:05:04,2,-2,3881.75,-105
2022-09-19 01:05:08,1,-1,3881.75,-106
2022-09-19 01:05:09,7,-7,3881.75,-113
2022-09-19 01:05:10,7,-7,3881.5,-120
2022-09-19 01:05:11,6,6,3881.75,-114
2022-09-19 01:05:18,1,-1,3881.75,-115
2022-09-19 01:05:21,1,1,3881.75,-114
2022-09-19 01:05:25,2,2,3881.75,-112
2022-09-19 01:05:34,1,-1,3881.5,-113
2022-09-19 01:05:46,1,1,3881.75,-112
2022-09-19 01:05:47,1,1,3881.75,-111
2022-09-19 01:06:02,2,2,3881.75,-109
2022-09-19 01:06:03,2,-2,3881.5,-111
2022-09-19 01:06:10,1,1,3881.75,-110
2022-09-19 01:06:12,4,-4,3881.5,-114
2022-09-19 01:06:15,1,-1,3881.75,-115
2022-09-19 01:06:23,3,0,3881.75,-115
2022-09-19 01:06:26,1,1,3881.75,-114
2022-09-19 01:06:31,2,0,3882.0,-114
2022-09-19 01:06:37,1,1,3882.0,-113
2022-09-19 01:06:40,7,7,3882.0,-106
2022-09-19 01:06:41,1,1,3882.25,-105
2022-09-19 01:06:43,2,-2,3882.0,-107
2022-09-19 01:06:51,1,1,3882.0,-106
2022-09-19 01:06:55,2,-2,3882.0,-108
2022-09-19 01:07:01,2,0,3882.0,-108
2022-09-19 01:07:03,2,-2,3881.75,-110
2022-09-19 01:07:04,1,-1,3881.75,-111
2022-09-19 01:07:10,6,-6,3881.5,-117
2022-09-19 01:07:12,1,1,3881.75,-116
2022-09-19 01:07:16,3,3,3881.75,-113
2022-09-19 01:07:35,1,1,3881.75,-112
2022-09-19 01:07:36,1,1,3881.75,-111
2022-09-19 01:07:42,2,-2,3881.75,-113
2022-09-19 01:08:02,1,1,3882.0,-112
2022-09-19 01:08:04,4,0,3882.0,-112
2022-09-19 01:08:05,2,2,3882.0,-110
2022-09-19 01:08:08,1,-1,3882.0,-111
2022-09-19 01:08:22,18,9,3882.25,-102
2022-09-19 01:08:23,21,13,3882.5,-89
2022-09-19 01:08:24,25,15,3882.5,-74
2022-09-19 01:08:25,41,20,3883.0,-54
2022-09-19 01:08:26,1,-1,3882.75,-55
2022-09-19 01:08:27,11,7,3883.0,-48
2022-09-19 01:08:28,1,-1,3882.75,-49
2022-09-19 01:08:30,3,3,3883.0,-46
2022-09-19 01:08:31,1,-1,3882.75,-47
2022-09-19 01:08:38,1,1,3883.0,-46
2022-09-19 01:08:40,1,-1,3882.75,-47
2022-09-19 01:08:44,11,9,3883.0,-38
2022-09-19 01:08:46,1,1,3883.25,-37
2022-09-19 01:08:47,1,1,3883.25,-36
2022-09-19 01:08:48,1,1,3883.25,-35
2022-09-19 01:08:54,11,-9,3883.0,-44
2022-09-19 01:08:55,1,1,3883.0,-43
2022-09-19 01:08:57,5,-5,3882.75,-48
2022-09-19 01:09:03,13,-12,3882.5,-60
2022-09-19 01:09:04,1,-1,3882.5,-61
2022-09-19 01:09:07,2,-2,3882.5,-63
2022-09-19 01:09:08,1,-1,3882.25,-64
2022-09-19 01:09:11,3,-3,3882.25,-67
2022-09-19 01:09:14,12,-12,3882.25,-79
2022-09-19 01:09:16,2,2,3882.25,-77
2022-09-19 01:09:19,3,-2,3882.0,-79
2022-09-19 01:09:23,1,1,3882.25,-78
2022-09-19 01:09:25,3,3,3882.25,-75
2022-09-19 01:09:26,1,-1,3882.25,-76
2022-09-19 01:09:35,2,0,3882.25,-76
2022-09-19 01:09:42,1,-1,3882.0,-77
2022-09-19 01:09:59,4,4,3882.5,-73
2022-09-19 01:10:01,1,-1,3882.25,-74
2022-09-19 01:10:05,2,2,3882.5,-72
2022-09-19 01:10:06,5,-5,3882.25,-77
2022-09-19 01:10:07,1,1,3882.5,-76
2022-09-19 01:10:17,21,8,3882.5,-68
2022-09-19 01:10:18,39,41,3883.0,-27
2022-09-19 01:10:20,1,-1,3882.75,-28
2022-09-19 01:10:21,4,4,3883.0,-24
2022-09-19 01:10:25,1,-1,3882.75,-25
2022-09-19 01:10:27,4,4,3883.0,-21
2022-09-19 01:10:31,1,-1,3882.75,-22
2022-09-19 01:10:35,3,-1,3883.0,-23
2022-09-19 01:10:37,1,-1,3882.75,-24
2022-09-19 01:10:44,1,1,3883.0,-23
2022-09-19 01:10:49,3,1,3883.0,-22
2022-09-19 01:10:52,5,3,3883.25,-19
2022-09-19 01:10:55,3,-2,3883.0,-21
2022-09-19 01:10:58,2,2,3883.25,-19
2022-09-19 01:11:01,2,0,3883.25,-19
2022-09-19 01:11:03,13,-10,3883.25,-29
2022-09-19 01:11:05,1,1,3883.25,-28
2022-09-19 01:11:07,2,-2,3883.25,-30
2022-09-19 01:11:12,37,22,3883.75,-8
2022-09-19 01:11:18,1,-1,3883.25,-9
2022-09-19 01:11:29,1,1,3883.5,-8
2022-09-19 01:11:30,3,3,3883.5,-5
2022-09-19 01:11:37,10,-10,3883.25,-15
2022-09-19 01:11:42,3,-3,3883.0,-18
2022-09-19 01:11:44,5,-2,3883.0,-20
2022-09-19 01:11:53,15,-14,3882.75,-34
2022-09-19 01:11:56,14,-14,3882.5,-48
2022-09-19 01:12:00,3,-3,3882.25,-51
2022-09-19 01:12:01,3,-3,3882.0,-54
2022-09-19 01:12:02,1,-1,3882.0,-55
2022-09-19 01:12:03,9,9,3882.5,-46
2022-09-19 01:12:04,1,1,3882.5,-45
2022-09-19 01:12:05,3,-3,3882.25,-48
2022-09-19 01:12:09,10,7,3882.5,-41
2022-09-19 01:12:12,2,2,3882.5,-39
2022-09-19 01:12:16,16,7,3882.5,-32
2022-09-19 01:12:23,4,-4,3882.25,-36
2022-09-19 01:12:33,5,3,3882.25,-33
2022-09-19 01:12:40,46,-44,3882.0,-77
2022-09-19 01:12:41,2,2,3881.5,-75
2022-09-19 01:12:43,16,13,3881.5,-62
2022-09-19 01:12:44,1,1,3881.5,-61
2022-09-19 01:12:46,3,3,3881.5,-58
2022-09-19 01:12:48,1,1,3881.5,-57
2022-09-19 01:12:51,29,-25,3881.5,-82
2022-09-19 01:12:52,4,-2,3881.25,-84
2022-09-19 01:12:53,2,2,3881.25,-82
2022-09-19 01:12:54,2,0,3881.25,-82
2022-09-19 01:13:03,31,-35,3881.0,-117
2022-09-19 01:13:06,25,10,3881.5,-107
2022-09-19 01:13:08,7,-1,3881.75,-108
2022-09-19 01:13:11,6,-1,3881.5,-109
2022-09-19 01:13:13,1,-1,3881.5,-110
2022-09-19 01:13:22,2,-2,3881.5,-112
2022-09-19 01:13:32,15,14,3882.25,-98
2022-09-19 01:13:33,2,2,3882.25,-96
2022-09-19 01:13:34,1,1,3882.25,-95
2022-09-19 01:13:35,1,1,3882.5,-94
2022-09-19 01:13:37,2,0,3882.75,-94
2022-09-19 01:13:38,4,2,3883.0,-92
2022-09-19 01:13:39,1,-1,3882.75,-93
2022-09-19 01:13:42,11,0,3883.0,-93
2022-09-19 01:13:43,4,-2,3883.25,-95
2022-09-19 01:13:44,3,3,3883.0,-92
2022-09-19 01:13:45,5,-4,3883.0,-96
2022-09-19 01:13:46,3,1,3882.75,-95
2022-09-19 01:13:49,4,2,3882.75,-93
2022-09-19 01:13:51,10,10,3883.0,-83
2022-09-19 01:14:03,20,-16,3882.75,-99
2022-09-19 01:14:08,12,3,3882.75,-96
2022-09-19 01:14:11,1,-1,3882.75,-97
2022-09-19 01:14:12,1,-1,3882.75,-98
2022-09-19 01:14:15,1,-1,3882.75,-99
2022-09-19 01:14:19,1,-1,3882.75,-100
2022-09-19 01:14:21,2,2,3883.0,-98
2022-09-19 01:14:22,1,-1,3882.75,-99
2022-09-19 01:14:27,6,6,3883.0,-93
2022-09-19 01:15:00,11,4,3883.25,-89
2022-09-19 01:15:03,4,-4,3883.25,-93
2022-09-19 01:15:04,2,0,3883.25,-93
2022-09-19 01:15:06,2,-2,3883.0,-95
2022-09-19 01:15:08,2,2,3883.25,-93
2022-09-19 01:15:23,2,2,3883.5,-91
2022-09-19 01:15:25,1,-1,3883.25,-92
2022-09-19 01:15:27,1,-1,3883.25,-93
2022-09-19 01:15:34,9,-6,3883.25,-99
2022-09-19 01:15:35,4,0,3883.25,-99
2022-09-19 01:15:38,1,1,3883.25,-98
2022-09-19 01:15:43,1,1,3883.5,-97
2022-09-19 01:15:48,1,-1,3883.25,-98
2022-09-19 01:16:03,1,-1,3883.0,-99
2022-09-19 01:16:10,2,2,3883.25,-97
2022-09-19 01:16:11,2,-2,3883.25,-99
2022-09-19 01:16:13,1,-1,3883.25,-100
2022-09-19 01:16:17,1,1,3883.25,-99
2022-09-19 01:16:30,1,1,3883.25,-98
2022-09-19 01:16:38,8,8,3883.25,-90
2022-09-19 01:16:39,4,-4,3883.25,-94
2022-09-19 01:16:50,7,-5,3883.25,-99
2022-09-19 01:16:56,1,-1,3883.0,-100
2022-09-19 01:17:04,11,-6,3883.0,-106
2022-09-19 01:17:08,1,-1,3882.75,-107
2022-09-19 01:17:16,2,-2,3882.75,-109
2022-09-19 01:17:17,1,-1,3882.75,-110
2022-09-19 01:17:22,4,4,3883.0,-106
2022-09-19 01:17:25,2,-2,3883.0,-108
2022-09-19 01:17:26,1,-1,3883.0,-109
2022-09-19 01:17:29,1,1,3883.0,-108
2022-09-19 01:17:31,2,1,3883.0,-107
2022-09-19 01:17:33,1,-1,3883.0,-108
2022-09-19 01:17:36,3,-3,3883.0,-111
2022-09-19 01:17:41,1,-1,3883.0,-112
2022-09-19 01:17:42,1,-1,3883.0,-113
2022-09-19 01:17:47,1,1,3883.0,-112
2022-09-19 01:17:50,2,0,3883.25,-112
2022-09-19 01:17:53,1,1,3883.25,-111
2022-09-19 01:17:54,1,-1,3883.0,-112
2022-09-19 01:18:04,1,1,3883.25,-111
2022-09-19 01:18:11,19,12,3883.25,-99
2022-09-19 01:18:13,3,-1,3883.5,-100
2022-09-19 01:18:17,12,11,3883.5,-89
2022-09-19 01:18:18,9,9,3883.75,-80
2022-09-19 01:18:19,146,91,3884.5,11
2022-09-19 01:18:20,2,-2,3884.25,9
2022-09-19 01:18:22,6,1,3884.5,10
2022-09-19 01:18:23,1,1,3884.5,11
2022-09-19 01:18:25,1,1,3884.5,12
2022-09-19 01:18:26,2,2,3884.5,14
2022-09-19 01:18:28,1,1,3884.5,15
2022-09-19 01:18:29,3,1,3884.5,16
2022-09-19 01:18:30,3,3,3884.5,19
2022-09-19 01:18:31,1,1,3884.5,20
2022-09-19 01:18:42,173,67,3885.0,87
2022-09-19 01:18:43,11,-10,3884.75,77
2022-09-19 01:18:44,11,7,3884.75,84
2022-09-19 01:18:49,5,4,3885.0,88
2022-09-19 01:18:51,1,1,3884.75,89
2022-09-19 01:18:52,1,1,3884.75,90
2022-09-19 01:18:55,11,-8,3884.5,82
2022-09-19 01:18:58,7,-3,3884.25,79
2022-09-19 01:19:00,2,-2,3884.25,77
2022-09-19 01:19:03,24,-17,3884.0,60
2022-09-19 01:19:04,1,1,3884.0,61
2022-09-19 01:19:05,1,-1,3883.75,60
2022-09-19 01:19:06,2,2,3883.75,62
2022-09-19 01:19:09,1,1,3884.0,63
2022-09-19 01:19:10,4,3,3884.0,66
2022-09-19 01:19:15,2,-2,3884.0,64
2022-09-19 01:19:16,4,4,3884.0,68
2022-09-19 01:19:17,2,2,3884.0,70
2022-09-19 01:19:18,1,1,3884.25,71
2022-09-19 01:19:20,1,1,3884.0,72
2022-09-19 01:19:21,1,1,3884.25,73
2022-09-19 01:19:26,12,11,3884.0,84
2022-09-19 01:19:28,2,-2,3884.0,82
2022-09-19 01:19:37,2,-2,3884.0,80
2022-09-19 01:19:39,1,1,3884.0,81
2022-09-19 01:19:43,1,1,3884.0,82
2022-09-19 01:19:52,2,2,3884.0,84
2022-09-19 01:19:56,1,1,3884.25,85
2022-09-19 01:19:57,2,2,3884.25,87
2022-09-19 01:19:59,1,-1,3884.25,86
2022-09-19 01:20:00,7,-4,3884.0,82
2022-09-19 01:20:02,63,47,3884.75,129
2022-09-19 01:20:05,5,-3,3884.75,126
2022-09-19 01:20:06,60,5,3885.0,131
2022-09-19 01:20:07,6,3,3884.75,134
2022-09-19 01:20:09,1,1,3884.75,135
2022-09-19 01:20:10,2,0,3885.0,135
2022-09-19 01:20:11,2,-2,3884.75,133
2022-09-19 01:20:13,2,-2,3884.75,131
2022-09-19 01:20:14,8,1,3885.0,132
2022-09-19 01:20:16,2,-2,3884.75,130
2022-09-19 01:20:17,7,-3,3885.0,127
2022-09-19 01:20:19,1,1,3885.0,128
2022-09-19 01:20:20,1,-1,3884.75,127
2022-09-19 01:20:23,2,-1,3884.75,126
2022-09-19 01:20:27,1,1,3884.75,127
2022-09-19 01:20:28,4,-4,3884.75,123
2022-09-19 01:20:31,5,-5,3884.5,118
2022-09-19 01:20:32,4,0,3884.75,118
2022-09-19 01:20:35,1,-1,3884.5,117
2022-09-19 01:20:37,5,0,3884.5,117
2022-09-19 01:20:38,1,1,3884.5,118
2022-09-19 01:20:44,2,0,3884.5,118
2022-09-19 01:20:46,1,-1,3884.5,117
2022-09-19 01:20:51,1,-1,3884.5,116
2022-09-19 01:20:53,12,9,3884.75,125
2022-09-19 01:21:00,3,-3,3884.75,122
2022-09-19 01:21:02,1,1,3884.75,123
2022-09-19 01:21:03,4,-3,3884.75,120
2022-09-19 01:21:06,1,-1,3884.75,119
2022-09-19 01:21:08,17,10,3885.0,129
2022-09-19 01:21:09,1,1,3885.0,130
2022-09-19 01:21:10,3,-3,3884.75,127
2022-09-19 01:21:12,1,1,3885.0,128
2022-09-19 01:21:19,1,-1,3884.75,127
2022-09-19 01:21:23,10,-8,3884.75,119
2022-09-19 01:21:27,1,1,3884.75,120
2022-09-19 01:21:28,1,-1,3884.5,119
2022-09-19 01:21:32,8,4,3884.75,123
2022-09-19 01:21:35,3,2,3884.75,125
2022-09-19 01:21:37,14,-11,3884.5,114
2022-09-19 01:21:47,5,-1,3884.5,113
2022-09-19 01:21:57,1,-1,3884.5,112
2022-09-19 01:21:59,1,1,3884.5,113
2022-09-19 01:22:02,6,-6,3884.25,107
2022-09-19 01:22:03,6,0,3884.25,107
2022-09-19 01:22:11,12,-2,3884.0,105
2022-09-19 01:22:12,1,1,3884.0,106
2022-09-19 01:22:17,2,-2,3883.75,104
2022-09-19 01:22:22,1,1,3884.0,105
2022-09-19 01:22:24,1,1,3884.0,106
2022-09-19 01:22:31,6,5,3884.25,111
2022-09-19 01:22:33,4,-4,3884.0,107
2022-09-19 01:22:40,1,1,3884.0,108
2022-09-19 01:22:47,1,1,3884.0,109
2022-09-19 01:22:48,1,-1,3883.75,108
2022-09-19 01:22:53,12,-1,3883.75,107
2022-09-19 01:23:01,2,-2,3883.5,105
2022-09-19 01:23:03,25,-17,3883.5,88
2022-09-19 01:23:04,11,-9,3883.25,79
2022-09-19 01:23:05,1,1,3883.5,80
2022-09-19 01:23:09,19,9,3883.5,89
2022-09-19 01:23:29,1,1,3883.75,90
2022-09-19 01:23:42,1,1,3883.75,91
2022-09-19 01:23:50,14,15,3884.0,106
2022-09-19 01:23:52,1,1,3883.75,107
2022-09-19 01:24:03,2,-2,3883.5,105
2022-09-19 01:24:05,1,1,3883.75,106
2022-09-19 01:24:06,4,-2,3883.75,104
2022-09-19 01:24:12,4,2,3883.75,106
2022-09-19 01:24:13,4,-1,3884.0,105
2022-09-19 01:24:16,1,-1,3884.0,104
2022-09-19 01:24:17,1,-1,3884.0,103
2022-09-19 01:24:19,5,4,3884.25,107
2022-09-19 01:24:31,7,1,3884.5,108
2022-09-19 01:24:32,4,0,3884.5,108
2022-09-19 01:24:33,1,1,3884.5,109
2022-09-19 01:24:38,1,-1,3884.25,108
2022-09-19 01:24:40,1,1,3884.5,109
2022-09-19 01:24:47,2,-2,3884.5,107
2022-09-19 01:24:55,10,-9,3884.25,98
2022-09-19 01:24:57,39,9,3884.5,107
2022-09-19 01:24:59,2,2,3884.5,109
2022-09-19 01:25:01,3,3,3884.5,112
2022-09-19 01:25:07,8,-8,3884.5,104
2022-09-19 01:25:13,1,-1,3884.5,103
2022-09-19 01:25:17,3,-3,3884.25,100
2022-09-19 01:25:18,1,-1,3884.25,99
2022-09-19 01:25:19,2,-2,3884.25,97
2022-09-19 01:25:22,1,1,3884.25,98
2022-09-19 01:25:32,10,-10,3884.0,88
2022-09-19 01:25:34,13,-8,3883.5,80
2022-09-19 01:25:35,3,3,3883.75,83
2022-09-19 01:25:39,1,-1,3883.25,82
2022-09-19 01:25:41,14,0,3883.25,82
2022-09-19 01:25:44,3,-1,3883.25,81
2022-09-19 01:25:45,1,-1,3883.25,80
2022-09-19 01:25:50,5,3,3883.25,83
2022-09-19 01:25:51,4,-3,3883.25,80
2022-09-19 01:25:53,1,1,3883.25,81
2022-09-19 01:25:55,1,-1,3883.0,80
2022-09-19 01:25:56,19,-5,3883.0,75
2022-09-19 01:25:57,2,-1,3882.75,74
2022-09-19 01:25:58,1,-1,3882.75,73
2022-09-19 01:26:00,1,1,3883.0,74
2022-09-19 01:26:01,11,11,3883.0,85
2022-09-19 01:26:04,4,0,3883.0,85
2022-09-19 01:26:09,1,1,3883.0,86
2022-09-19 01:26:10,8,-3,3883.0,83
2022-09-19 01:26:11,2,-2,3883.0,81
2022-09-19 01:26:12,9,6,3883.25,87
2022-09-19 01:26:15,3,-3,3883.25,84
2022-09-19 01:26:18,2,2,3883.25,86
2022-09-19 01:26:21,1,-1,3883.0,85
2022-09-19 01:26:24,1,-1,3882.75,84
2022-09-19 01:26:26,1,1,3883.0,85
2022-09-19 01:26:35,2,-1,3883.0,84
2022-09-19 01:26:36,1,-1,3883.0,83
2022-09-19 01:26:42,2,-2,3883.0,81
2022-09-19 01:26:43,3,-1,3883.0,80
2022-09-19 01:26:45,2,-2,3883.0,78
2022-09-19 01:26:48,1,-1,3882.75,77
2022-09-19 01:26:54,3,-1,3882.75,76
2022-09-19 01:26:59,2,-1,3882.75,75
2022-09-19 01:27:04,3,3,3883.0,78
2022-09-19 01:27:05,3,0,3883.0,78
2022-09-19 01:27:12,8,-6,3882.75,72
2022-09-19 01:27:21,3,2,3882.75,74
2022-09-19 01:27:26,1,1,3882.75,75
2022-09-19 01:27:37,2,-2,3882.5,73
2022-09-19 01:27:39,9,4,3883.0,77
2022-09-19 01:27:41,3,-2,3882.75,75
2022-09-19 01:27:45,4,4,3882.75,79
2022-09-19 01:27:53,1,1,3883.0,80
2022-09-19 01:27:56,4,-4,3882.75,76
2022-09-19 01:27:59,9,5,3883.0,81
2022-09-19 01:28:06,4,-4,3882.75,77
2022-09-19 01:28:08,1,1,3882.75,78
2022-09-19 01:28:10,2,-2,3882.75,76
2022-09-19 01:28:17,1,-1,3882.5,75
2022-09-19 01:28:22,1,-1,3882.5,74
2022-09-19 01:28:26,15,-10,3882.5,64
2022-09-19 01:28:50,16,7,3882.5,71
2022-09-19 01:28:51,1,-1,3882.5,70
2022-09-19 01:28:56,3,-2,3882.5,68
2022-09-19 01:29:04,3,2,3882.5,70
2022-09-19 01:29:05,2,2,3882.5,72
2022-09-19 01:29:08,1,1,3882.5,73
2022-09-19 01:29:20,11,-9,3882.25,64
2022-09-19 01:29:24,18,-15,3882.0,49
2022-09-19 01:29:26,1,1,3882.25,50
2022-09-19 01:29:27,6,3,3882.25,53
2022-09-19 01:29:30,8,2,3882.25,55
2022-09-19 01:29:36,6,-5,3882.25,50
2022-09-19 01:29:41,5,3,3882.25,53
2022-09-19 01:29:43,11,6,3882.25,59
2022-09-19 01:29:45,1,-1,3882.25,58
2022-09-19 01:30:02,3,3,3882.25,61
2022-09-19 01:30:03,2,-2,3882.25,59
2022-09-19 01:30:06,2,-2,3882.25,57
2022-09-19 01:30:07,3,-3,3882.0,54
2022-09-19 01:30:10,30,-25,3882.0,29
2022-09-19 01:30:11,11,1,3881.75,30
2022-09-19 01:30:12,4,-4,3881.75,26
2022-09-19 01:30:13,3,-2,3881.5,24
2022-09-19 01:30:16,4,-4,3881.5,20
2022-09-19 01:30:22,10,-9,3881.5,11
2022-09-19 01:30:23,2,0,3881.75,11
2022-09-19 01:30:24,1,1,3881.75,12
2022-09-19 01:30:26,1,-1,3881.5,11
2022-09-19 01:30:28,1,-1,3881.5,10
2022-09-19 01:30:32,5,5,3881.75,15
2022-09-19 01:30:34,3,3,3881.75,18
2022-09-19 01:30:40,1,1,3881.75,19
2022-09-19 01:30:44,15,-8,3881.5,11
2022-09-19 01:30:46,1,-1,3881.25,10
2022-09-19 01:30:47,3,1,3881.75,11
2022-09-19 01:30:48,2,2,3881.75,13
2022-09-19 01:30:53,1,-1,3881.75,12
2022-09-19 01:30:59,2,-2,3881.75,10
2022-09-19 01:31:00,6,6,3882.0,16
2022-09-19 01:31:03,2,-2,3882.25,14
2022-09-19 01:31:11,1,1,3882.5,15
2022-09-19 01:31:14,2,2,3882.75,17
2022-09-19 01:31:22,1,1,3883.0,18
2022-09-19 01:31:23,2,2,3883.0,20
2022-09-19 01:31:28,1,1,3883.0,21
2022-09-19 01:31:31,9,1,3883.0,22
2022-09-19 01:31:32,7,0,3883.0,22
2022-09-19 01:31:33,1,-1,3883.0,21
2022-09-19 01:31:39,10,2,3883.0,23
2022-09-19 01:31:40,1,-1,3883.0,22
2022-09-19 01:31:45,3,-3,3883.0,19
2022-09-19 01:31:57,6,-4,3882.75,15
2022-09-19 01:32:00,1,-1,3882.75,14
2022-09-19 01:32:03,12,-17,3882.75,-3
2022-09-19 01:32:08,1,1,3882.5,-2
2022-09-19 01:32:09,1,1,3882.5,-1
2022-09-19 01:32:12,1,-1,3882.5,-2
2022-09-19 01:32:13,1,1,3882.5,-1
2022-09-19 01:32:24,1,-1,3882.5,-2
2022-09-19 01:32:27,3,-3,3882.25,-5
2022-09-19 01:32:28,4,-4,3882.25,-9
2022-09-19 01:32:29,1,-1,3882.25,-10
2022-09-19 01:32:32,9,2,3882.5,-8
2022-09-19 01:32:34,1,1,3882.5,-7
2022-09-19 01:32:35,1,-1,3882.5,-8
2022-09-19 01:32:56,7,7,3882.5,-1
2022-09-19 01:32:57,7,-7,3882.25,-8
2022-09-19 01:32:58,6,-6,3882.0,-14
2022-09-19 01:33:04,3,-3,3882.0,-17
2022-09-19 01:33:11,5,5,3882.25,-12
2022-09-19 01:33:22,3,3,3882.25,-9
2022-09-19 01:33:24,1,-1,3882.0,-10
2022-09-19 01:33:42,2,0,3882.25,-10
2022-09-19 01:33:45,1,1,3882.25,-9
2022-09-19 01:33:49,2,2,3882.25,-7
2022-09-19 01:33:50,5,0,3882.25,-7
2022-09-19 01:33:53,1,1,3882.5,-6
2022-09-19 01:34:03,1,-1,3882.5,-7
2022-09-19 01:34:04,3,-3,3882.5,-10
2022-09-19 01:34:18,1,1,3882.5,-9
2022-09-19 01:34:21,1,1,3882.5,-8
2022-09-19 01:34:32,1,1,3882.5,-7
2022-09-19 01:34:39,3,-1,3882.5,-8
2022-09-19 01:34:40,1,-1,3882.5,-9
2022-09-19 01:34:43,1,-1,3882.5,-10
2022-09-19 01:34:56,2,-2,3882.25,-12
2022-09-19 01:35:02,1,1,3882.25,-11
2022-09-19 01:35:04,1,1,3882.25,-10
2022-09-19 01:35:05,1,1,3882.25,-9
2022-09-19 01:35:09,5,-5,3882.0,-14
2022-09-19 01:35:10,14,-13,3882.0,-27
2022-09-19 01:35:22,1,-1,3881.75,-28
2022-09-19 01:35:27,5,5,3882.25,-23
2022-09-19 01:35:39,3,-2,3882.0,-25
2022-09-19 01:35:44,1,1,3882.0,-24
2022-09-19 01:35:48,2,2,3882.25,-22
2022-09-19 01:36:03,5,-5,3882.25,-27
2022-09-19 01:36:19,3,3,3882.5,-24
2022-09-19 01:36:20,1,-1,3882.5,-25
2022-09-19 01:36:38,1,1,3882.5,-24
2022-09-19 01:36:49,1,1,3882.5,-23
2022-09-19 01:37:00,9,-9,3882.25,-32
2022-09-19 01:37:01,1,-1,3882.0,-33
2022-09-19 01:37:09,7,-7,3881.75,-40
2022-09-19 01:37:11,2,-2,3881.5,-42
2022-09-19 01:37:12,11,-10,3881.5,-52
2022-09-19 01:37:13,1,-1,3881.25,-53
2022-09-19 01:37:14,8,-6,3881.25,-59
2022-09-19 01:37:18,9,-7,3881.25,-66
2022-09-19 01:37:23,10,5,3881.25,-61
2022-09-19 01:37:24,1,-1,3881.25,-62
2022-09-19 01:37:26,5,5,3881.5,-57
2022-09-19 01:37:30,7,-5,3881.25,-62
2022-09-19 01:37:33,33,16,3881.5,-46
2022-09-19 01:37:35,4,-1,3881.25,-47
2022-09-19 01:37:37,36,0,3881.25,-47
2022-09-19 01:37:39,3,-3,3881.25,-50
2022-09-19 01:37:41,2,0,3881.5,-50
2022-09-19 01:37:43,3,3,3881.25,-47
2022-09-19 01:37:45,10,-8,3881.0,-55
2022-09-19 01:37:46,10,-8,3881.0,-63
2022-09-19 01:37:47,51,-40,3881.0,-103
2022-09-19 01:37:49,2,-2,3880.5,-105
2022-09-19 01:37:50,34,-2,3880.5,-107
2022-09-19 01:37:51,1,-1,3880.25,-108
2022-09-19 01:37:52,11,1,3880.5,-107
2022-09-19 01:37:53,3,-2,3880.5,-109
2022-09-19 01:37:54,1,1,3880.75,-108
2022-09-19 01:37:55,7,5,3880.75,-103
2022-09-19 01:37:58,2,-2,3880.5,-105
2022-09-19 01:37:59,1,1,3880.75,-104
2022-09-19 01:38:00,6,-6,3880.5,-110
2022-09-19 01:38:03,3,-1,3880.5,-111
2022-09-19 01:38:04,5,0,3880.75,-111
2022-09-19 01:38:05,4,1,3880.75,-110
2022-09-19 01:38:07,1,-1,3880.5,-111
2022-09-19 01:38:08,1,1,3880.75,-110
2022-09-19 01:38:10,1,-1,3880.75,-111
2022-09-19 01:38:14,1,1,3880.75,-110
2022-09-19 01:38:15,1,1,3880.75,-109
2022-09-19 01:38:17,16,8,3881.0,-101
2022-09-19 01:38:18,2,2,3880.75,-99
2022-09-19 01:38:19,11,-9,3880.75,-108
2022-09-19 01:38:22,1,-1,3880.5,-109
2022-09-19 01:38:29,10,8,3881.0,-101
2022-09-19 01:38:41,8,-8,3880.75,-109
2022-09-19 01:38:49,2,-2,3880.5,-111
2022-09-19 01:38:54,1,-1,3880.5,-112
2022-09-19 01:38:57,1,-1,3880.5,-113
2022-09-19 01:39:02,5,-1,3880.5,-114
2022-09-19 01:39:03,3,3,3880.5,-111
2022-09-19 01:39:20,2,2,3880.75,-109
2022-09-19 01:39:26,1,1,3880.75,-108
2022-09-19 01:39:30,1,1,3880.75,-107
2022-09-19 01:39:31,1,1,3880.75,-106
2022-09-19 01:39:34,1,-1,3880.75,-107
2022-09-19 01:39:45,2,-2,3880.75,-109
2022-09-19 01:39:51,5,4,3880.75,-105
2022-09-19 01:39:58,3,-3,3880.75,-108
2022-09-19 01:40:09,10,9,3881.0,-99
2022-09-19 01:40:10,1,1,3881.25,-98
2022-09-19 01:40:11,10,8,3881.25,-90
2022-09-19 01:40:20,1,-1,3881.5,-91
2022-09-19 01:40:21,5,3,3881.75,-88
2022-09-19 01:40:23,1,-1,3881.25,-89
2022-09-19 01:40:31,1,1,3881.5,-88
2022-09-19 01:40:37,3,-1,3881.5,-89
2022-09-19 01:40:44,8,8,3881.5,-81
2022-09-19 01:40:45,1,-1,3881.25,-82
2022-09-19 01:40:51,2,-2,3881.5,-84
2022-09-19 01:40:53,3,-3,3881.25,-87
2022-09-19 01:40:59,1,1,3881.25,-86
2022-09-19 01:41:10,9,3,3881.25,-83
2022-09-19 01:41:13,22,-32,3881.25,-115
2022-09-19 01:41:24,4,-4,3880.75,-119
2022-09-19 01:41:26,2,-2,3880.75,-121
2022-09-19 01:41:27,17,-9,3880.5,-130
2022-09-19 01:41:29,5,-1,3880.5,-131
2022-09-19 01:41:30,1,1,3880.5,-130
2022-09-19 01:41:36,2,2,3880.5,-128
2022-09-19 01:41:40,40,-5,3880.5,-133
2022-09-19 01:41:50,1,1,3880.5,-132
2022-09-19 01:41:55,2,2,3880.5,-130
2022-09-19 01:42:01,1,-1,3880.25,-131
2022-09-19 01:42:04,53,-56,3880.25,-187
2022-09-19 01:42:05,21,-7,3879.75,-194
2022-09-19 01:42:06,4,0,3880.0,-194
2022-09-19 01:42:08,2,-2,3879.75,-196
2022-09-19 01:42:12,3,3,3879.75,-193
2022-09-19 01:42:15,1,1,3880.0,-192
2022-09-19 01:42:16,1,1,3880.0,-191
2022-09-19 01:42:18,24,6,3880.0,-185
2022-09-19 01:42:19,15,-2,3880.25,-187
2022-09-19 01:42:20,1,1,3880.25,-186
2022-09-19 01:42:21,2,0,3880.25,-186
2022-09-19 01:42:30,3,3,3880.5,-183
2022-09-19 01:42:32,3,-1,3880.75,-184
2022-09-19 01:42:42,3,3,3880.75,-181
2022-09-19 01:42:44,3,-3,3880.75,-184
2022-09-19 01:43:05,12,-7,3880.75,-191
2022-09-19 01:43:07,2,2,3880.75,-189
2022-09-19 01:43:14,1,1,3880.75,-188
2022-09-19 01:43:15,2,2,3880.75,-186
2022-09-19 01:43:18,1,-1,3880.5,-187
2022-09-19 01:43:19,1,1,3881.0,-186
2022-09-19 01:43:25,12,12,3881.25,-174
2022-09-19 01:43:26,10,-10,3881.0,-184
2022-09-19 01:43:27,13,9,3880.75,-175
2022-09-19 01:43:32,2,-2,3880.75,-177
2022-09-19 01:43:34,5,5,3881.25,-172
2022-09-19 01:43:36,2,0,3881.25,-172
2022-09-19 01:43:43,1,1,3881.25,-171
2022-09-19 01:43:46,3,3,3881.5,-168
2022-09-19 01:43:50,2,0,3881.25,-168
2022-09-19 01:43:55,8,5,3881.25,-163
2022-09-19 01:44:08,4,4,3881.5,-159
2022-09-19 01:44:09,1,1,3881.5,-158
2022-09-19 01:44:17,2,2,3881.5,-156
2022-09-19 01:44:25,8,3,3882.0,-153
2022-09-19 01:44:26,2,-2,3881.5,-155
2022-09-19 01:44:30,1,-1,3881.75,-156
2022-09-19 01:44:33,9,-3,3881.75,-159
2022-09-19 01:44:35,3,-3,3881.5,-162
2022-09-19 01:44:40,1,-1,3881.25,-163
2022-09-19 01:44:42,1,1,3881.5,-162
2022-09-19 01:44:51,35,-6,3881.5,-168
2022-09-19 01:44:52,3,-3,3881.0,-171
2022-09-19 01:44:53,1,1,3881.25,-170
2022-09-19 01:44:54,7,-7,3881.0,-177
2022-09-19 01:44:56,1,-1,3881.0,-178
2022-09-19 01:44:57,2,-2,3881.0,-180
2022-09-19 01:45:01,1,-1,3881.0,-181
2022-09-19 01:45:03,2,1,3881.25,-180
2022-09-19 01:45:10,6,6,3881.0,-174
2022-09-19 01:45:12,1,1,3881.25,-173
2022-09-19 01:45:14,3,3,3881.25,-170
2022-09-19 01:45:17,2,-2,3881.25,-172
2022-09-19 01:45:18,4,-3,3881.0,-175
2022-09-19 01:45:21,1,1,3881.25,-174
2022-09-19 01:46:01,12,-7,3881.5,-181
2022-09-19 01:46:08,10,8,3881.5,-173
2022-09-19 01:46:10,3,1,3881.5,-172
2022-09-19 01:46:17,2,0,3881.5,-172
2022-09-19 01:46:29,6,-2,3881.5,-174
2022-09-19 01:46:31,3,1,3881.75,-173
2022-09-19 01:46:36,3,3,3882.0,-170
2022-09-19 01:46:47,6,-4,3881.75,-174
2022-09-19 01:47:00,1,1,3882.0,-173
2022-09-19 01:47:01,8,-5,3881.75,-178
2022-09-19 01:47:05,1,1,3881.75,-177
2022-09-19 01:47:19,13,-22,3881.5,-199
2022-09-19 01:47:20,12,-3,3881.5,-202
2022-09-19 01:47:23,1,-1,3881.5,-203
2022-09-19 01:47:34,2,2,3881.0,-201
2022-09-19 01:47:43,8,-7,3880.75,-208
2022-09-19 01:47:45,2,-2,3880.5,-210
2022-09-19 01:47:50,1,-1,3880.5,-211
2022-09-19 01:47:53,10,11,3881.0,-200
2022-09-19 01:47:58,16,-11,3881.0,-211
2022-09-19 01:48:02,1,-1,3880.5,-212
2022-09-19 01:48:03,1,-1,3880.25,-213
2022-09-19 01:48:05,5,-5,3880.25,-218
2022-09-19 01:48:06,5,3,3880.5,-215
2022-09-19 01:48:08,1,1,3880.75,-214
2022-09-19 01:48:19,3,-3,3880.5,-217
2022-09-19 01:48:21,3,-1,3880.5,-218
2022-09-19 01:48:22,2,-2,3880.5,-220
2022-09-19 01:48:38,7,5,3880.5,-215
2022-09-19 01:48:50,3,3,3880.5,-212
2022-09-19 01:48:54,28,-12,3880.25,-224
2022-09-19 01:48:55,3,-2,3880.25,-226
2022-09-19 01:48:56,8,-4,3880.0,-230
2022-09-19 01:49:01,1,1,3880.0,-229
2022-09-19 01:49:02,3,3,3880.0,-226
2022-09-19 01:49:04,10,9,3880.25,-217
2022-09-19 01:49:06,1,1,3880.25,-216
2022-09-19 01:49:10,1,-1,3880.0,-217
2022-09-19 01:49:12,1,-1,3880.0,-218
2022-09-19 01:49:18,1,1,3880.25,-217
2022-09-19 01:49:20,2,-1,3880.25,-218
2022-09-19 01:49:30,12,7,3880.5,-211
2022-09-19 01:49:33,12,3,3880.75,-208
2022-09-19 01:49:36,2,2,3881.0,-206
2022-09-19 01:49:48,2,-2,3881.0,-208
2022-09-19 01:49:55,3,-3,3881.0,-211
2022-09-19 01:49:57,1,1,3881.0,-210
2022-09-19 01:49:59,2,-2,3881.0,-212
2022-09-19 01:50:01,1,1,3881.0,-211
2022-09-19 01:50:06,2,2,3881.25,-209
2022-09-19 01:50:07,5,5,3881.25,-204
2022-09-19 01:50:10,1,-1,3881.0,-205
2022-09-19 01:50:11,5,-4,3881.0,-209
2022-09-19 01:50:13,10,11,3881.0,-198
2022-09-19 01:50:15,2,2,3881.0,-196
2022-09-19 01:50:25,3,-3,3880.75,-199
2022-09-19 01:50:26,1,1,3881.0,-198
2022-09-19 01:50:30,1,-1,3880.5,-199
2022-09-19 01:50:35,12,10,3880.5,-189
2022-09-19 01:50:37,2,-2,3880.5,-191
2022-09-19 01:50:39,20,19,3881.0,-172
2022-09-19 01:50:40,2,-2,3880.5,-174
2022-09-19 01:50:43,33,-21,3880.25,-195
2022-09-19 01:50:48,1,-1,3880.0,-196
2022-09-19 01:50:51,3,-3,3880.25,-199
2022-09-19 01:50:52,4,-4,3880.0,-203
2022-09-19 01:50:55,4,4,3880.25,-199
2022-09-19 01:50:56,71,57,3881.0,-142
2022-09-19 01:51:00,2,-2,3880.25,-144
2022-09-19 01:51:07,10,-6,3880.0,-150
2022-09-19 01:51:13,4,-4,3880.0,-154
2022-09-19 01:51:14,4,0,3880.0,-154
2022-09-19 01:51:16,4,-4,3880.0,-158
2022-09-19 01:51:31,1,-1,3880.0,-159
2022-09-19 01:51:36,13,-9,3880.0,-168
2022-09-19 01:51:37,1,-1,3880.0,-169
2022-09-19 01:51:38,1,-1,3880.0,-170
2022-09-19 01:51:40,1,1,3880.25,-169
2022-09-19 01:51:43,12,5,3880.25,-164
2022-09-19 01:51:48,1,-1,3880.0,-165
2022-09-19 01:52:00,3,-1,3880.0,-166
2022-09-19 01:52:12,5,5,3880.0,-161
2022-09-19 01:52:14,1,1,3880.0,-160
2022-09-19 01:52:26,2,2,3880.25,-158
2022-09-19 01:52:31,4,-4,3880.25,-162
2022-09-19 01:52:34,17,6,3880.25,-156
2022-09-19 01:52:35,29,-22,3880.25,-178
2022-09-19 01:52:37,22,-17,3880.25,-195
2022-09-19 01:52:38,2,2,3880.25,-193
2022-09-19 01:52:39,3,2,3880.25,-191
2022-09-19 01:52:40,21,-19,3880.0,-210
2022-09-19 01:52:42,31,-18,3880.0,-228
2022-09-19 01:52:43,3,-3,3880.0,-231
2022-09-19 01:52:44,3,3,3880.0,-228
2022-09-19 01:52:48,29,-23,3879.75,-251
2022-09-19 01:52:49,3,3,3880.0,-248
2022-09-19 01:52:50,24,-27,3879.75,-275
2022-09-19 01:52:52,4,2,3880.0,-273
2022-09-19 01:52:53,20,-27,3879.75,-300
2022-09-19 01:52:56,11,10,3879.75,-290
2022-09-19 01:52:58,4,4,3879.75,-286
2022-09-19 01:53:04,83,-51,3879.75,-337
2022-09-19 01:53:05,1,-1,3879.5,-338
2022-09-19 01:53:07,29,-21,3879.5,-359
2022-09-19 01:53:08,1,1,3879.75,-358
2022-09-19 01:53:16,18,-2,3879.75,-360
2022-09-19 01:53:17,2,2,3880.0,-358
2022-09-19 01:53:29,12,10,3880.0,-348
2022-09-19 01:53:30,31,19,3880.25,-329
2022-09-19 01:53:35,5,-4,3880.0,-333
2022-09-19 01:53:40,10,-8,3879.75,-341
2022-09-19 01:53:42,2,2,3879.5,-339
2022-09-19 01:53:44,62,-44,3879.5,-383
2022-09-19 01:53:51,1,1,3879.5,-382
2022-09-19 01:53:52,21,1,3879.5,-381
2022-09-19 01:53:53,4,-1,3879.25,-382
2022-09-19 01:53:55,2,-1,3879.25,-383
2022-09-19 01:53:56,2,-2,3879.25,-385
2022-09-19 01:53:58,17,-9,3879.25,-394
2022-09-19 01:53:59,16,-3,3879.0,-397
2022-09-19 01:54:00,9,-9,3879.0,-406
2022-09-19 01:54:01,6,2,3879.0,-404
2022-09-19 01:54:02,1,-1,3878.75,-405
2022-09-19 01:54:03,4,0,3879.25,-405
2022-09-19 01:54:06,4,0,3879.25,-405
2022-09-19 01:54:07,11,0,3879.25,-405
2022-09-19 01:54:15,10,-2,3879.25,-407
2022-09-19 01:54:17,1,1,3879.0,-406
2022-09-19 01:54:18,1,-1,3879.0,-407
2022-09-19 01:54:21,12,-2,3879.0,-409
2022-09-19 01:54:23,14,0,3879.0,-409
2022-09-19 01:54:30,2,-2,3879.0,-411
2022-09-19 01:54:31,1,-1,3879.0,-412
2022-09-19 01:54:33,1,1,3879.25,-411
2022-09-19 01:54:34,15,6,3879.25,-405
2022-09-19 01:54:37,1,1,3879.25,-404
2022-09-19 01:54:40,1,-1,3879.0,-405
2022-09-19 01:54:42,2,0,3879.25,-405
2022-09-19 01:54:43,1,-1,3879.0,-406
2022-09-19 01:54:46,2,2,3879.25,-404
2022-09-19 01:54:47,1,-1,3879.0,-405
2022-09-19 01:54:51,7,-5,3879.0,-410
2022-09-19 01:54:55,3,1,3879.0,-409
2022-09-19 01:54:56,6,0,3879.0,-409
2022-09-19 01:54:58,6,-5,3879.0,-414
2022-09-19 01:54:59,6,-1,3879.0,-415
2022-09-19 01:55:00,1,1,3879.0,-414
2022-09-19 01:55:03,16,-10,3878.75,-424
2022-09-19 01:55:05,17,-3,3878.75,-427
2022-09-19 01:55:06,1,-1,3878.5,-428
2022-09-19 01:55:07,1,-1,3878.5,-429
2022-09-19 01:55:08,3,-1,3879.0,-430
2022-09-19 01:55:10,1,-1,3879.0,-431
2022-09-19 01:55:11,1,-1,3879.0,-432
2022-09-19 01:55:12,13,7,3879.25,-425
2022-09-19 01:55:13,1,-1,3879.25,-426
2022-09-19 01:55:14,2,-2,3879.25,-428
2022-09-19 01:55:17,1,-1,3879.0,-429
2022-09-19 01:55:19,2,-2,3879.0,-431
2022-09-19 01:55:24,2,0,3879.25,-431
2022-09-19 01:55:25,2,-2,3879.25,-433
2022-09-19 01:55:27,1,-1,3879.0,-434
2022-09-19 01:55:28,4,4,3879.0,-430
2022-09-19 01:55:30,1,1,3879.0,-429
2022-09-19 01:55:32,11,-7,3879.0,-436
2022-09-19 01:55:36,3,3,3879.0,-433
2022-09-19 01:55:46,12,-6,3879.0,-439
2022-09-19 01:55:53,1,-1,3879.0,-440
2022-09-19 01:55:57,1,-1,3879.0,-441
2022-09-19 01:56:00,5,5,3879.25,-436
2022-09-19 01:56:05,5,5,3879.25,-431
2022-09-19 01:56:06,1,-1,3879.25,-432
2022-09-19 01:56:10,4,2,3879.5,-430
2022-09-19 01:56:11,1,1,3879.5,-429
2022-09-19 01:56:12,1,1,3879.5,-428
2022-09-19 01:56:14,15,9,3879.5,-419
2022-09-19 01:56:15,1,1,3879.75,-418
2022-09-19 01:56:16,1,-1,3879.5,-419
2022-09-19 01:56:19,1,-1,3879.5,-420
2022-09-19 01:56:23,1,1,3879.5,-419
2022-09-19 01:56:28,1,1,3879.5,-418
2022-09-19 01:56:31,15,-15,3879.25,-433
2022-09-19 01:56:34,2,-2,3879.0,-435
2022-09-19 01:56:35,18,-7,3878.75,-442
2022-09-19 01:56:41,38,-26,3878.25,-468
2022-09-19 01:56:43,4,3,3878.25,-465
2022-09-19 01:56:46,138,-52,3878.0,-517
2022-09-19 01:56:47,2,-2,3877.5,-519
2022-09-19 01:56:48,1,-1,3877.25,-520
2022-09-19 01:56:50,7,6,3877.75,-514
2022-09-19 01:56:51,16,-13,3878.0,-527
2022-09-19 01:56:52,2,-1,3877.75,-528
2022-09-19 01:56:53,12,-9,3877.75,-537
2022-09-19 01:56:54,11,5,3877.25,-532
2022-09-19 01:56:55,6,-6,3877.25,-538
2022-09-19 01:56:56,3,3,3877.25,-535
2022-09-19 01:56:57,1,-1,3877.25,-536
2022-09-19 01:56:58,40,-20,3877.25,-556
2022-09-19 01:56:59,1,1,3877.25,-555
2022-09-19 01:57:00,6,0,3877.25,-555
2022-09-19 01:57:01,22,-18,3877.25,-573
2022-09-19 01:57:02,7,-7,3876.75,-580
2022-09-19 01:57:04,9,-1,3876.75,-581
2022-09-19 01:57:06,20,4,3877.0,-577
2022-09-19 01:57:07,3,3,3877.0,-574
2022-09-19 01:57:08,1,-1,3877.0,-575
2022-09-19 01:57:09,9,-6,3877.0,-581
2022-09-19 01:57:11,29,5,3877.0,-576
2022-09-19 01:57:13,26,-20,3877.0,-596
2022-09-19 01:57:15,133,-132,3876.5,-728
2022-09-19 01:57:17,6,1,3876.25,-727
2022-09-19 01:57:19,26,16,3876.5,-711
2022-09-19 01:57:20,12,10,3876.75,-701
2022-09-19 01:57:21,3,1,3876.75,-700
2022-09-19 01:57:22,7,-7,3876.5,-707
2022-09-19 01:57:23,11,5,3876.5,-702
2022-09-19 01:57:25,33,5,3876.5,-697
2022-09-19 01:57:26,1,-1,3876.5,-698
2022-09-19 01:57:27,1,1,3876.75,-697
2022-09-19 01:57:28,2,2,3876.75,-695
2022-09-19 01:57:33,11,-4,3876.5,-699
2022-09-19 01:57:34,21,-24,3876.5,-723
2022-09-19 01:57:35,6,0,3876.25,-723
2022-09-19 01:57:36,7,-4,3876.25,-727
2022-09-19 01:57:37,1,-1,3876.0,-728
2022-09-19 01:57:38,9,3,3876.0,-725
2022-09-19 01:57:39,3,3,3876.0,-722
2022-09-19 01:57:42,7,-7,3876.0,-729
2022-09-19 01:57:43,1,1,3876.25,-728
2022-09-19 01:57:45,5,5,3876.25,-723
2022-09-19 01:57:46,2,2,3876.25,-721
2022-09-19 01:57:47,2,1,3876.25,-720
2022-09-19 01:57:50,1,-1,3876.25,-721
2022-09-19 01:57:51,1,-1,3876.25,-722
2022-09-19 01:57:53,14,9,3876.75,-713
2022-09-19 01:57:58,1,-1,3876.75,-714
2022-09-19 01:57:59,4,-4,3877.0,-718
2022-09-19 01:58:00,2,2,3877.0,-716
2022-09-19 01:58:01,2,-2,3876.75,-718
2022-09-19 01:58:06,1,-1,3876.75,-719
2022-09-19 01:58:07,2,2,3877.0,-717
2022-09-19 01:58:08,2,-2,3876.75,-719
2022-09-19 01:58:09,2,2,3877.0,-717
2022-09-19 01:58:11,26,27,3877.25,-690
2022-09-19 01:58:13,4,4,3877.0,-686
2022-09-19 01:58:14,4,-2,3877.0,-688
2022-09-19 01:58:15,1,-1,3877.0,-689
2022-09-19 01:58:17,4,-4,3877.0,-693
2022-09-19 01:58:19,2,-2,3877.0,-695
2022-09-19 01:58:20,18,2,3877.25,-693
2022-09-19 01:58:21,1,-1,3876.75,-694
2022-09-19 01:58:22,6,-4,3877.0,-698
2022-09-19 01:58:23,12,-11,3876.25,-709
2022-09-19 01:58:25,2,2,3876.5,-707
2022-09-19 01:58:30,1,-1,3876.5,-708
2022-09-19 01:58:31,1,-1,3876.5,-709
2022-09-19 01:58:36,3,3,3876.5,-706
2022-09-19 01:58:37,1,-1,3876.5,-707
2022-09-19 01:58:39,1,1,3876.75,-706
2022-09-19 01:58:40,16,-9,3876.5,-715
2022-09-19 01:58:43,1,1,3876.5,-714
2022-09-19 01:58:44,2,0,3876.75,-714
2022-09-19 01:58:45,1,-1,3876.75,-715
2022-09-19 01:58:49,13,-11,3876.5,-726
2022-09-19 01:58:51,2,2,3876.5,-724
2022-09-19 01:58:52,8,-6,3876.25,-730
2022-09-19 01:58:53,13,-9,3876.0,-739
2022-09-19 01:58:55,15,3,3876.0,-736
2022-09-19 01:58:58,1,-1,3875.75,-737
2022-09-19 01:59:01,9,-6,3875.75,-743
2022-09-19 01:59:03,1,-1,3875.5,-744
2022-09-19 01:59:04,9,15,3876.0,-729
2022-09-19 01:59:05,7,-5,3875.75,-734
2022-09-19 01:59:06,4,0,3876.0,-734
2022-09-19 01:59:08,3,-3,3875.75,-737
2022-09-19 01:59:09,1,-1,3875.75,-738
2022-09-19 01:59:12,3,-3,3876.0,-741
2022-09-19 01:59:18,4,4,3876.25,-737
2022-09-19 01:59:19,3,1,3876.25,-736
2022-09-19 01:59:22,1,1,3876.25,-735
2022-09-19 01:59:23,2,0,3876.5,-735
2022-09-19 01:59:24,11,1,3876.25,-734
2022-09-19 01:59:27,1,-1,3875.75,-735
2022-09-19 01:59:29,4,-4,3875.75,-739
2022-09-19 01:59:30,1,-1,3875.75,-740
2022-09-19 01:59:33,11,-10,3875.75,-750
2022-09-19 01:59:36,22,-15,3875.25,-765
2022-09-19 01:59:37,6,2,3875.25,-763
2022-09-19 01:59:38,3,1,3875.5,-762
2022-09-19 01:59:39,7,-3,3875.5,-765
2022-09-19 01:59:40,2,0,3875.5,-765
2022-09-19 01:59:42,7,-7,3875.25,-772
2022-09-19 01:59:43,2,2,3875.5,-770
2022-09-19 01:59:45,2,-2,3875.25,-772
2022-09-19 01:59:47,2,1,3875.5,-771
2022-09-19 01:59:51,2,-2,3875.25,-773
2022-09-19 01:59:55,4,2,3875.5,-771
2022-09-19 01:59:57,6,-4,3875.25,-775
2022-09-19 01:59:59,10,3,3875.25,-772
2022-09-19 02:00:00,73,-22,3875.25,-794
2022-09-19 02:00:01,24,-16,3875.0,-810
2022-09-19 02:00:02,8,-8,3874.25,-818
2022-09-19 02:00:03,3,1,3874.25,-817
2022-09-19 02:00:04,34,-29,3874.0,-846
2022-09-19 02:00:05,3,-3,3873.75,-849
2022-09-19 02:00:06,17,7,3874.0,-842
2022-09-19 02:00:07,2,-2,3873.75,-844
2022-09-19 02:00:10,9,6,3874.0,-838
2022-09-19 02:00:12,18,16,3874.5,-822
2022-09-19 02:00:13,3,1,3874.5,-821
2022-09-19 02:00:14,7,5,3874.5,-816
2022-09-19 02:00:15,14,10,3875.25,-806
2022-09-19 02:00:16,2,2,3875.0,-804
2022-09-19 02:00:17,3,1,3874.75,-803
2022-09-19 02:00:18,3,-1,3875.0,-804
2022-09-19 02:00:22,74,-71,3874.75,-875
2022-09-19 02:00:26,73,-40,3874.25,-915
2022-09-19 02:00:27,177,-39,3873.75,-954
2022-09-19 02:00:28,9,5,3873.25,-949
2022-09-19 02:00:29,1,1,3873.5,-948
2022-09-19 02:00:30,63,-52,3873.5,-1000
2022-09-19 02:00:31,7,0,3873.75,-1000
2022-09-19 02:00:33,11,-6,3873.25,-1006
2022-09-19 02:00:35,2,0,3873.5,-1006
2022-09-19 02:00:36,52,-26,3873.25,-1032
2022-09-19 02:00:37,37,-9,3873.0,-1041
2022-09-19 02:00:38,1,-1,3872.5,-1042
2022-09-19 02:00:39,2,-2,3872.5,-1044
2022-09-19 02:00:40,1,-1,3872.5,-1045
2022-09-19 02:00:41,11,7,3872.75,-1038
2022-09-19 02:00:42,2,2,3872.75,-1036
2022-09-19 02:00:43,4,1,3872.75,-1035
2022-09-19 02:00:44,1,-1,3872.5,-1036
2022-09-19 02:00:46,1,1,3872.75,-1035
2022-09-19 02:00:47,6,-1,3872.75,-1036
2022-09-19 02:00:48,2,-2,3872.5,-1038
2022-09-19 02:00:49,39,-3,3872.75,-1041
2022-09-19 02:00:50,9,2,3872.75,-1039
2022-09-19 02:00:51,56,-9,3873.0,-1048
2022-09-19 02:00:53,7,7,3873.0,-1041
2022-09-19 02:00:54,20,21,3873.25,-1020
2022-09-19 02:00:55,4,4,3873.5,-1016
2022-09-19 02:00:56,9,0,3873.25,-1016
2022-09-19 02:00:57,31,19,3873.5,-997
2022-09-19 02:00:59,6,0,3873.5,-997
2022-09-19 02:01:00,17,-8,3873.5,-1005
2022-09-19 02:01:01,4,4,3873.75,-1001
2022-09-19 02:01:03,2,0,3873.75,-1001
2022-09-19 02:01:05,8,6,3873.75,-995
2022-09-19 02:01:08,4,4,3873.75,-991
2022-09-19 02:01:09,1,-1,3873.75,-992
2022-09-19 02:01:10,1,1,3873.75,-991
2022-09-19 02:01:13,10,-5,3873.5,-996
2022-09-19 02:01:14,25,-19,3873.25,-1015
2022-09-19 02:01:15,2,1,3873.0,-1014
2022-09-19 02:01:16,17,13,3873.0,-1001
2022-09-19 02:01:17,29,-6,3872.75,-1007
2022-09-19 02:01:18,7,-5,3872.75,-1012
2022-09-19 02:01:19,5,-5,3872.5,-1017
2022-09-19 02:01:20,1,1,3872.75,-1016
2022-09-19 02:01:21,16,-10,3872.75,-1026
2022-09-19 02:01:22,30,4,3872.75,-1022
2022-09-19 02:01:23,6,2,3873.0,-1020
2022-09-19 02:01:24,4,-2,3873.0,-1022
2022-09-19 02:01:25,47,-37,3873.0,-1059
2022-09-19 02:01:26,7,3,3872.75,-1056
2022-09-19 02:01:27,3,1,3872.75,-1055
2022-09-19 02:01:28,1,-1,3872.5,-1056
2022-09-19 02:01:29,4,4,3872.75,-1052
2022-09-19 02:01:35,1,-1,3872.5,-1053
2022-09-19 02:01:36,18,-2,3872.75,-1055
2022-09-19 02:01:37,2,0,3872.75,-1055
2022-09-19 02:01:40,2,0,3872.75,-1055
2022-09-19 02:01:41,52,8,3873.0,-1047
2022-09-19 02:01:42,14,-7,3872.5,-1054
2022-09-19 02:01:43,35,-13,3872.5,-1067
2022-09-19 02:01:44,43,-16,3872.75,-1083
2022-09-19 02:01:51,1,1,3872.75,-1082
2022-09-19 02:01:53,2,2,3872.75,-1080
2022-09-19 02:01:54,1,1,3872.75,-1079
2022-09-19 02:01:55,13,6,3872.75,-1073
2022-09-19 02:01:57,39,5,3873.0,-1068
2022-09-19 02:01:58,16,-21,3873.25,-1089
2022-09-19 02:01:59,8,4,3873.0,-1085
2022-09-19 02:02:00,1,1,3873.25,-1084
2022-09-19 02:02:01,9,7,3873.25,-1077
2022-09-19 02:02:02,1,1,3873.5,-1076
2022-09-19 02:02:04,10,-7,3873.0,-1083
2022-09-19 02:02:05,3,1,3873.25,-1082
2022-09-19 02:02:07,2,2,3873.0,-1080
2022-09-19 02:02:08,3,1,3873.0,-1079
2022-09-19 02:02:09,2,0,3873.0,-1079
2022-09-19 02:02:10,1,-1,3872.75,-1080
2022-09-19 02:02:11,18,-2,3873.0,-1082
2022-09-19 02:02:13,3,-3,3872.75,-1085
2022-09-19 02:02:15,5,5,3872.75,-1080
2022-09-19 02:02:17,11,2,3872.75,-1078
2022-09-19 02:02:18,3,-1,3872.75,-1079
2022-09-19 02:02:21,172,-80,3872.5,-1159
2022-09-19 02:02:22,51,-5,3871.5,-1164
2022-09-19 02:02:23,7,2,3871.25,-1162
2022-09-19 02:02:24,3,-2,3871.25,-1164
2022-09-19 02:02:25,15,-7,3871.25,-1171
2022-09-19 02:02:26,13,0,3871.5,-1171
2022-09-19 02:02:27,12,-1,3871.25,-1172
2022-09-19 02:02:29,44,-17,3871.25,-1189
2022-09-19 02:02:30,2,2,3871.25,-1187
2022-09-19 02:02:31,3,0,3871.25,-1187
2022-09-19 02:02:32,21,7,3871.5,-1180
2022-09-19 02:02:33,1,1,3871.5,-1179
2022-09-19 02:02:34,51,70,3872.0,-1109
2022-09-19 02:02:36,5,5,3872.0,-1104
2022-09-19 02:02:37,20,-7,3872.0,-1111
2022-09-19 02:02:38,11,-9,3871.75,-1120
2022-09-19 02:02:39,52,-41,3871.75,-1161
2022-09-19 02:02:40,5,4,3871.5,-1157
2022-09-19 02:02:41,9,-9,3871.25,-1166
2022-09-19 02:02:42,1,1,3871.25,-1165
2022-09-19 02:02:43,1,-1,3871.0,-1166
2022-09-19 02:02:44,28,-7,3871.25,-1173
2022-09-19 02:02:48,2,0,3871.25,-1173
2022-09-19 02:02:49,58,-13,3871.25,-1186
2022-09-19 02:02:50,1,1,3871.0,-1185
2022-09-19 02:02:51,18,6,3871.0,-1179
2022-09-19 02:02:55,4,4,3871.25,-1175
2022-09-19 02:02:56,5,3,3871.5,-1172
2022-09-19 02:02:57,7,4,3871.75,-1168
2022-09-19 02:02:58,14,2,3871.5,-1166
2022-09-19 02:02:59,8,3,3871.5,-1163
2022-09-19 02:03:00,8,4,3871.5,-1159
2022-09-19 02:03:01,2,2,3871.5,-1157
2022-09-19 02:03:02,3,-1,3871.5,-1158
2022-09-19 02:03:04,3,1,3871.5,-1157
2022-09-19 02:03:06,2,2,3871.75,-1155
2022-09-19 02:03:09,6,4,3871.75,-1151
2022-09-19 02:03:11,13,10,3872.0,-1141
2022-09-19 02:03:12,2,2,3872.25,-1139
2022-09-19 02:03:13,29,13,3872.75,-1126
2022-09-19 02:03:14,4,2,3873.0,-1124
2022-09-19 02:03:15,20,-14,3873.0,-1138
2022-09-19 02:03:16,19,6,3873.25,-1132
2022-09-19 02:03:17,3,2,3873.25,-1130
2022-09-19 02:03:19,3,2,3873.0,-1128
2022-09-19 02:03:20,24,-10,3873.0,-1138
2022-09-19 02:03:21,6,6,3873.0,-1132
2022-09-19 02:03:22,4,2,3873.0,-1130
2022-09-19 02:03:23,9,-2,3873.25,-1132
2022-09-19 02:03:28,5,-1,3873.0,-1133
2022-09-19 02:03:29,11,5,3873.25,-1128
2022-09-19 02:03:32,4,4,3873.5,-1124
2022-09-19 02:03:34,2,0,3873.5,-1124
2022-09-19 02:03:35,4,4,3873.75,-1120
2022-09-19 02:03:36,23,7,3873.75,-1113
2022-09-19 02:03:37,13,1,3873.75,-1112
2022-09-19 02:03:38,10,4,3873.75,-1108
2022-09-19 02:03:39,6,-2,3874.0,-1110
2022-09-19 02:03:40,5,3,3873.75,-1107
2022-09-19 02:03:41,6,-1,3873.75,-1108
2022-09-19 02:03:42,4,2,3873.75,-1106
2022-09-19 02:03:43,1,-1,3873.5,-1107
2022-09-19 02:03:44,1,1,3873.75,-1106
2022-09-19 02:03:45,17,-8,3873.5,-1114
2022-09-19 02:03:46,4,-2,3873.5,-1116
2022-09-19 02:03:47,1,-1,3873.5,-1117
2022-09-19 02:03:48,1,1,3873.75,-1116
2022-09-19 02:03:50,2,2,3873.75,-1114
2022-09-19 02:03:53,9,4,3873.75,-1110
2022-09-19 02:03:54,1,1,3873.75,-1109
2022-09-19 02:03:56,186,-222,3873.5,-1331
2022-09-19 02:03:57,8,6,3873.0,-1325
2022-09-19 02:03:58,3,-3,3873.0,-1328
2022-09-19 02:03:59,2,2,3873.0,-1326
2022-09-19 02:04:00,1,-1,3872.75,-1327
2022-09-19 02:04:02,8,-5,3872.75,-1332
2022-09-19 02:04:03,2,2,3872.75,-1330
2022-09-19 02:04:05,7,6,3872.75,-1324
2022-09-19 02:04:06,10,-3,3873.0,-1327
2022-09-19 02:04:08,1,1,3873.0,-1326
2022-09-19 02:04:10,4,-4,3872.75,-1330
2022-09-19 02:04:12,5,-4,3872.5,-1334
2022-09-19 02:04:13,1,-1,3872.25,-1335
2022-09-19 02:04:14,2,-2,3872.25,-1337
2022-09-19 02:04:16,4,2,3872.5,-1335
2022-09-19 02:04:18,2,0,3872.5,-1335
2022-09-19 02:04:19,3,-3,3872.5,-1338
2022-09-19 02:04:21,12,-7,3872.25,-1345
2022-09-19 02:04:22,2,-2,3872.25,-1347
2022-09-19 02:04:23,15,-7,3872.0,-1354
2022-09-19 02:04:24,24,5,3872.25,-1349
2022-09-19 02:04:26,51,-75,3871.75,-1424
2022-09-19 02:04:27,23,-5,3871.5,-1429
2022-09-19 02:04:32,7,7,3871.5,-1422
2022-09-19 02:04:33,2,-2,3871.5,-1424
2022-09-19 02:04:34,3,-3,3871.25,-1427
2022-09-19 02:04:36,4,4,3871.5,-1423
2022-09-19 02:04:37,11,9,3871.5,-1414
2022-09-19 02:04:38,1,-1,3871.5,-1415
2022-09-19 02:04:40,1,1,3871.75,-1414
2022-09-19 02:04:41,2,2,3871.75,-1412
2022-09-19 02:04:46,1,1,3872.0,-1411
2022-09-19 02:04:47,11,1,3872.0,-1410
2022-09-19 02:04:51,2,2,3872.0,-1408
2022-09-19 02:04:53,2,2,3872.25,-1406
2022-09-19 02:04:54,1,-1,3872.0,-1407
2022-09-19 02:04:55,8,-3,3872.0,-1410
2022-09-19 02:05:00,16,0,3872.0,-1410
2022-09-19 02:05:02,3,-3,3871.75,-1413
2022-09-19 02:05:07,2,2,3871.75,-1411
2022-09-19 02:05:08,12,4,3871.75,-1407
2022-09-19 02:05:09,3,1,3871.75,-1406
2022-09-19 02:05:12,1,1,3872.0,-1405
2022-09-19 02:05:14,1,1,3872.0,-1404
2022-09-19 02:05:15,1,1,3872.0,-1403
2022-09-19 02:05:18,5,3,3872.0,-1400
2022-09-19 02:05:22,16,13,3872.25,-1387
2022-09-19 02:05:24,4,4,3872.5,-1383
2022-09-19 02:05:25,4,-2,3872.5,-1385
2022-09-19 02:05:26,4,1,3872.5,-1384
2022-09-19 02:05:27,14,-7,3872.25,-1391
2022-09-19 02:05:28,5,-5,3872.25,-1396
2022-09-19 02:05:30,1,-1,3872.0,-1397
2022-09-19 02:05:31,4,0,3872.0,-1397
2022-09-19 02:05:32,8,-3,3871.75,-1400
2022-09-19 02:05:33,1,1,3871.75,-1399
2022-09-19 02:05:38,6,-6,3871.75,-1405
2022-09-19 02:05:43,3,-3,3871.75,-1408
2022-09-19 02:05:45,9,8,3872.0,-1400
2022-09-19 02:05:47,8,6,3872.25,-1394
2022-09-19 02:05:48,33,-41,3872.25,-1435
2022-09-19 02:05:49,5,5,3872.25,-1430
2022-09-19 02:05:50,3,-3,3872.0,-1433
2022-09-19 02:05:51,1,1,3872.25,-1432
2022-09-19 02:05:52,1,1,3872.5,-1431
2022-09-19 02:05:54,1,1,3872.5,-1430
2022-09-19 02:05:55,13,-7,3872.5,-1437
2022-09-19 02:05:57,7,-5,3872.25,-1442
2022-09-19 02:05:59,3,-1,3872.0,-1443
2022-09-19 02:06:00,4,2,3871.75,-1441
2022-09-19 02:06:01,3,-3,3871.5,-1444
2022-09-19 02:06:04,2,-2,3871.5,-1446
2022-09-19 02:06:06,8,-8,3871.5,-1454
2022-09-19 02:06:07,8,-2,3871.25,-1456
2022-09-19 02:06:08,6,4,3871.0,-1452
2022-09-19 02:06:09,1,-1,3871.0,-1453
2022-09-19 02:06:10,45,-18,3870.75,-1471
2022-09-19 02:06:11,7,1,3871.0,-1470
2022-09-19 02:06:12,2,2,3870.75,-1468
2022-09-19 02:06:13,2,2,3870.75,-1466
2022-09-19 02:06:14,1,-1,3870.75,-1467
2022-09-19 02:06:15,4,0,3870.75,-1467
2022-09-19 02:06:16,5,5,3870.75,-1462
2022-09-19 02:06:19,26,30,3871.0,-1432
2022-09-19 02:06:20,4,4,3871.25,-1428
2022-09-19 02:06:23,46,45,3871.5,-1383
2022-09-19 02:06:24,3,3,3871.25,-1380
2022-09-19 02:06:25,12,-3,3871.25,-1383
2022-09-19 02:06:26,8,-5,3871.25,-1388
2022-09-19 02:06:27,9,-5,3871.25,-1393
2022-09-19 02:06:28,17,-16,3870.75,-1409
2022-09-19 02:06:29,21,-16,3870.5,-1425
2022-09-19 02:06:30,2,2,3870.75,-1423
2022-09-19 02:06:33,6,-2,3870.5,-1425
2022-09-19 02:06:34,5,-1,3870.5,-1426
2022-09-19 02:06:35,13,10,3870.75,-1416
2022-09-19 02:06:38,1,-1,3870.75,-1417
2022-09-19 02:06:39,17,-4,3871.0,-1421
2022-09-19 02:06:43,10,8,3871.0,-1413
2022-09-19 02:06:44,1,-1,3871.0,-1414
2022-09-19 02:06:46,1,1,3871.25,-1413
2022-09-19 02:06:47,1,1,3871.25,-1412
2022-09-19 02:06:48,1,1,3871.25,-1411
2022-09-19 02:06:49,1,1,3871.25,-1410
2022-09-19 02:06:51,18,-7,3871.0,-1417
2022-09-19 02:06:52,1,-1,3870.75,-1418
2022-09-19 02:06:55,7,-1,3871.0,-1419
2022-09-19 02:06:57,3,3,3871.0,-1416
2022-09-19 02:07:00,17,-12,3871.0,-1428
2022-09-19 02:07:01,8,-8,3870.75,-1436
2022-09-19 02:07:03,11,0,3871.0,-1436
2022-09-19 02:07:04,11,-10,3870.75,-1446
2022-09-19 02:07:05,1,-1,3870.5,-1447
2022-09-19 02:07:07,18,-9,3870.5,-1456
2022-09-19 02:07:08,29,-21,3870.25,-1477
2022-09-19 02:07:09,8,4,3870.25,-1473
2022-09-19 02:07:10,4,-4,3870.0,-1477
2022-09-19 02:07:11,1,1,3870.25,-1476
2022-09-19 02:07:12,16,-1,3870.25,-1477
2022-09-19 02:07:13,8,4,3870.25,-1473
2022-09-19 02:07:15,77,-39,3870.25,-1512
2022-09-19 02:07:16,16,-13,3870.0,-1525
2022-09-19 02:07:18,163,-81,3870.0,-1606
2022-09-19 02:07:19,22,-4,3869.25,-1610
2022-09-19 02:07:20,18,3,3869.5,-1607
2022-09-19 02:07:21,9,-7,3869.5,-1614
2022-09-19 02:07:22,5,-5,3869.25,-1619
2022-09-19 02:07:23,13,2,3869.75,-1617
2022-09-19 02:07:24,7,0,3869.5,-1617
2022-09-19 02:07:25,5,1,3869.5,-1616
2022-09-19 02:07:28,6,-6,3869.25,-1622
2022-09-19 02:07:29,10,11,3869.5,-1611
2022-09-19 02:07:32,1,-1,3869.25,-1612
2022-09-19 02:07:33,20,7,3869.5,-1605
2022-09-19 02:07:34,8,6,3869.5,-1599
2022-09-19 02:07:36,7,5,3869.75,-1594
2022-09-19 02:07:37,31,10,3870.25,-1584
2022-09-19 02:07:38,2,2,3870.25,-1582
2022-09-19 02:07:39,4,3,3870.0,-1579
2022-09-19 02:07:41,12,1,3870.5,-1578
2022-09-19 02:07:42,18,-14,3870.25,-1592
2022-09-19 02:07:43,2,2,3870.0,-1590
2022-09-19 02:07:45,12,11,3870.0,-1579
2022-09-19 02:07:46,3,-3,3870.0,-1582
2022-09-19 02:07:47,3,3,3870.25,-1579
2022-09-19 02:07:50,136,-116,3870.25,-1695
2022-09-19 02:07:51,2,2,3870.5,-1693
2022-09-19 02:07:53,3,3,3870.5,-1690
2022-09-19 02:07:55,2,2,3870.5,-1688
2022-09-19 02:07:56,31,-10,3870.25,-1698
2022-09-19 02:07:57,3,-3,3870.0,-1701
2022-09-19 02:07:58,1,1,3870.0,-1700
2022-09-19 02:07:59,1,-1,3869.75,-1701
2022-09-19 02:08:00,4,-2,3870.0,-1703
2022-09-19 02:08:01,2,-2,3869.5,-1705
2022-09-19 02:08:02,3,1,3869.75,-1704
2022-09-19 02:08:03,1,1,3869.75,-1703
2022-09-19 02:08:04,1,1,3869.75,-1702
2022-09-19 02:08:06,13,-6,3869.75,-1708
2022-09-19 02:08:07,7,7,3869.75,-1701
2022-09-19 02:08:08,4,-2,3869.75,-1703
2022-09-19 02:08:09,10,-9,3869.5,-1712
2022-09-19 02:08:10,8,8,3869.5,-1704
2022-09-19 02:08:12,2,-2,3869.5,-1706
2022-09-19 02:08:13,2,-2,3869.25,-1708
2022-09-19 02:08:14,20,-2,3869.25,-1710
2022-09-19 02:08:15,5,3,3869.25,-1707
2022-09-19 02:08:16,3,-3,3869.25,-1710
2022-09-19 02:08:17,2,2,3869.25,-1708
2022-09-19 02:08:18,1,1,3869.5,-1707
2022-09-19 02:08:19,2,-2,3869.25,-1709
2022-09-19 02:08:20,1,1,3869.5,-1708
2022-09-19 02:08:23,2,-2,3869.0,-1710
2022-09-19 02:08:24,1,-1,3869.0,-1711
2022-09-19 02:08:27,2,0,3869.25,-1711
2022-09-19 02:08:28,13,8,3869.5,-1703
2022-09-19 02:08:33,7,7,3869.75,-1696
2022-09-19 02:08:35,2,0,3870.0,-1696
2022-09-19 02:08:38,15,8,3870.0,-1688
2022-09-19 02:08:40,27,28,3870.75,-1660
2022-09-19 02:08:41,2,2,3870.75,-1658
2022-09-19 02:08:42,9,-1,3870.75,-1659
2022-09-19 02:08:44,1,-1,3870.5,-1660
2022-09-19 02:08:45,2,-2,3870.5,-1662
2022-09-19 02:08:46,24,-4,3870.5,-1666
2022-09-19 02:08:48,12,0,3870.5,-1666
2022-09-19 02:08:49,3,3,3870.5,-1663
2022-09-19 02:08:50,23,-13,3870.5,-1676
2022-09-19 02:08:51,1,-1,3870.0,-1677
2022-09-19 02:08:53,9,-1,3870.0,-1678
2022-09-19 02:08:54,7,-7,3869.75,-1685
2022-09-19 02:08:55,1,-1,3869.5,-1686
2022-09-19 02:08:56,18,5,3869.75,-1681
2022-09-19 02:09:00,22,-10,3869.75,-1691
2022-09-19 02:09:01,6,0,3869.25,-1691
2022-09-19 02:09:02,1,1,3869.25,-1690
2022-09-19 02:09:03,1,-1,3869.25,-1691
2022-09-19 02:09:08,23,-6,3869.0,-1697
2022-09-19 02:09:10,29,-19,3868.75,-1716
2022-09-19 02:09:12,10,8,3869.0,-1708
2022-09-19 02:09:13,2,2,3869.0,-1706
2022-09-19 02:09:14,1,-1,3868.75,-1707
2022-09-19 02:09:15,2,0,3868.75,-1707
2022-09-19 02:09:16,3,3,3868.75,-1704
2022-09-19 02:09:17,4,2,3868.75,-1702
2022-09-19 02:09:18,2,-2,3868.75,-1704
2022-09-19 02:09:19,6,-2,3869.0,-1706
2022-09-19 02:09:22,15,7,3869.5,-1699
2022-09-19 02:09:23,7,2,3869.5,-1697
2022-09-19 02:09:24,2,2,3869.5,-1695
2022-09-19 02:09:27,15,-4,3869.5,-1699
2022-09-19 02:09:30,1,1,3869.75,-1698
2022-09-19 02:09:31,2,2,3869.75,-1696
2022-09-19 02:09:32,7,1,3869.5,-1695
2022-09-19 02:09:35,12,-5,3869.25,-1700
2022-09-19 02:09:36,5,3,3869.25,-1697
2022-09-19 02:09:39,1,1,3869.5,-1696
2022-09-19 02:09:40,8,8,3869.75,-1688
2022-09-19 02:09:41,5,-5,3869.75,-1693
2022-09-19 02:09:42,2,2,3869.75,-1691
2022-09-19 02:09:43,22,14,3870.0,-1677
2022-09-19 02:09:45,15,5,3870.5,-1672
2022-09-19 02:09:46,5,-3,3870.25,-1675
2022-09-19 02:09:50,8,5,3870.5,-1670
2022-09-19 02:09:51,4,-2,3870.5,-1672
2022-09-19 02:09:52,2,2,3870.75,-1670
2022-09-19 02:09:54,9,-3,3870.5,-1673
2022-09-19 02:09:55,1,1,3870.5,-1672
2022-09-19 02:09:56,3,3,3870.5,-1669
2022-09-19 02:09:57,1,-1,3870.25,-1670
2022-09-19 02:09:59,8,0,3870.25,-1670
2022-09-19 02:10:00,1,-1,3870.25,-1671
2022-09-19 02:10:01,6,-6,3870.0,-1677
2022-09-19 02:10:02,15,13,3870.0,-1664
2022-09-19 02:10:03,2,2,3870.25,-1662
2022-09-19 02:10:04,6,4,3870.25,-1658
2022-09-19 02:10:05,16,7,3870.5,-1651
2022-09-19 02:10:06,36,-37,3870.75,-1688
2022-09-19 02:10:07,3,1,3870.0,-1687
2022-09-19 02:10:09,10,6,3869.75,-1681
2022-09-19 02:10:10,1,1,3869.75,-1680
2022-09-19 02:10:12,5,-5,3869.5,-1685
2022-09-19 02:10:17,9,-7,3869.25,-1692
2022-09-19 02:10:21,5,-5,3869.0,-1697
2022-09-19 02:10:23,28,-10,3869.0,-1707
2022-09-19 02:10:25,1,1,3868.75,-1706
2022-09-19 02:10:26,2,-1,3868.5,-1707
2022-09-19 02:10:27,6,6,3868.75,-1701
2022-09-19 02:10:29,2,-2,3868.75,-1703
2022-09-19 02:10:30,3,3,3868.75,-1700
2022-09-19 02:10:31,5,-1,3869.0,-1701
2022-09-19 02:10:36,10,-5,3868.5,-1706
2022-09-19 02:10:37,7,2,3868.75,-1704
2022-09-19 02:10:38,1,-1,3868.5,-1705
2022-09-19 02:10:40,9,-3,3868.75,-1708
2022-09-19 02:10:41,3,3,3868.75,-1705
2022-09-19 02:10:42,2,-2,3868.75,-1707
2022-09-19 02:10:43,1,-1,3868.75,-1708
2022-09-19 02:10:44,2,2,3868.75,-1706
2022-09-19 02:10:45,54,27,3869.25,-1679
2022-09-19 02:10:47,16,6,3869.0,-1673
2022-09-19 02:10:48,1,1,3869.0,-1672
2022-09-19 02:10:49,1,1,3869.0,-1671
2022-09-19 02:10:50,8,-8,3868.75,-1679
2022-09-19 02:10:51,7,5,3869.0,-1674
2022-09-19 02:10:52,3,-3,3868.75,-1677
2022-09-19 02:10:53,8,2,3869.0,-1675
2022-09-19 02:10:55,52,31,3869.25,-1644
2022-09-19 02:10:56,13,10,3869.75,-1634
2022-09-19 02:10:57,4,1,3869.5,-1633
2022-09-19 02:10:58,7,7,3869.5,-1626
2022-09-19 02:11:00,2,0,3869.75,-1626
2022-09-19 02:11:01,1,1,3869.75,-1625
2022-09-19 02:11:02,6,-4,3869.75,-1629
2022-09-19 02:11:03,10,-4,3869.75,-1633
2022-09-19 02:11:05,13,-4,3869.75,-1637
2022-09-19 02:11:06,1,1,3869.75,-1636
2022-09-19 02:11:07,1,1,3870.0,-1635
2022-09-19 02:11:11,2,-2,3869.75,-1637
2022-09-19 02:11:14,29,10,3870.0,-1627
2022-09-19 02:11:16,6,-6,3870.0,-1633
2022-09-19 02:11:17,1,-1,3869.75,-1634
2022-09-19 02:11:19,1,1,3870.0,-1633
2022-09-19 02:11:23,1,1,3870.0,-1632
2022-09-19 02:11:24,11,-4,3870.0,-1636
2022-09-19 02:11:27,1,1,3869.75,-1635
2022-09-19 02:11:28,5,4,3870.0,-1631
2022-09-19 02:11:29,10,-10,3869.75,-1641
2022-09-19 02:11:30,1,1,3870.0,-1640
2022-09-19 02:11:31,1,1,3870.0,-1639
2022-09-19 02:11:32,2,1,3870.0,-1638
2022-09-19 02:11:35,14,4,3870.0,-1634
2022-09-19 02:11:37,1,1,3870.25,-1633
2022-09-19 02:11:38,20,8,3870.25,-1625
2022-09-19 02:11:41,41,54,3870.5,-1571
2022-09-19 02:11:42,7,-6,3870.0,-1577
2022-09-19 02:11:43,3,-1,3870.0,-1578
2022-09-19 02:11:49,1,1,3869.75,-1577
2022-09-19 02:11:56,2,-1,3869.75,-1578
2022-09-19 02:11:57,10,9,3869.75,-1569
2022-09-19 02:11:58,13,-11,3869.5,-1580
2022-09-19 02:11:59,1,1,3869.25,-1579
2022-09-19 02:12:00,10,5,3869.25,-1574
2022-09-19 02:12:01,9,9,3869.5,-1565
2022-09-19 02:12:02,1,1,3869.75,-1564
2022-09-19 02:12:04,2,2,3870.0,-1562
2022-09-19 02:12:05,4,2,3870.0,-1560
2022-09-19 02:12:06,4,-4,3869.75,-1564
2022-09-19 02:12:07,10,8,3870.25,-1556
2022-09-19 02:12:09,9,-1,3870.25,-1557
2022-09-19 02:12:10,15,10,3870.25,-1547
2022-09-19 02:12:11,1,1,3870.25,-1546
2022-09-19 02:12:13,2,2,3870.25,-1544
2022-09-19 02:12:14,2,1,3870.25,-1543
2022-09-19 02:12:15,1,1,3870.5,-1542
2022-09-19 02:12:17,2,0,3870.5,-1542
2022-09-19 02:12:18,1,1,3870.5,-1541
2022-09-19 02:12:19,1,1,3870.5,-1540
2022-09-19 02:12:26,15,-13,3870.25,-1553
2022-09-19 02:12:28,15,-14,3870.0,-1567
2022-09-19 02:12:29,2,0,3870.0,-1567
2022-09-19 02:12:34,17,-12,3870.0,-1579
2022-09-19 02:12:35,4,4,3870.25,-1575
2022-09-19 02:12:36,2,2,3870.25,-1573
2022-09-19 02:12:40,2,-2,3870.0,-1575
2022-09-19 02:12:42,10,-10,3869.75,-1585
2022-09-19 02:12:45,8,-8,3869.25,-1593
2022-09-19 02:12:49,23,-19,3869.0,-1612
2022-09-19 02:12:51,3,1,3868.75,-1611
2022-09-19 02:12:52,5,-3,3869.0,-1614
2022-09-19 02:12:55,11,-7,3868.5,-1621
2022-09-19 02:12:56,3,-3,3868.25,-1624
2022-09-19 02:12:57,193,-24,3868.75,-1648
2022-09-19 02:12:58,3,1,3868.5,-1647
2022-09-19 02:12:59,2,0,3868.5,-1647
2022-09-19 02:13:00,11,7,3868.5,-1640
2022-09-19 02:13:01,2,0,3868.75,-1640
2022-09-19 02:13:03,1,-1,3868.5,-1641
2022-09-19 02:13:04,14,5,3868.75,-1636
2022-09-19 02:13:05,1,-1,3868.5,-1637
2022-09-19 02:13:06,1,1,3868.75,-1636
2022-09-19 02:13:09,9,-9,3868.5,-1645
2022-09-19 02:13:11,54,-23,3868.25,-1668
2022-09-19 02:13:12,26,-5,3868.5,-1673
2022-09-19 02:13:13,326,-184,3868.5,-1857
2022-09-19 02:13:14,85,-43,3867.75,-1900
2022-09-19 02:13:15,6,2,3867.5,-1898
2022-09-19 02:13:16,10,7,3867.5,-1891
2022-09-19 02:13:17,16,-6,3867.5,-1897
2022-09-19 02:13:18,209,-176,3867.0,-2073
2022-09-19 02:13:19,27,-29,3866.25,-2102
2022-09-19 02:13:20,38,16,3866.5,-2086
2022-09-19 02:13:21,6,-5,3866.5,-2091
2022-09-19 02:13:22,5,-1,3866.5,-2092
2022-09-19 02:13:23,13,1,3866.5,-2091
2022-09-19 02:13:24,7,6,3866.75,-2085
2022-09-19 02:13:25,17,2,3866.75,-2083
2022-09-19 02:13:26,2,0,3866.75,-2083
2022-09-19 02:13:28,16,9,3866.75,-2074
2022-09-19 02:13:30,17,14,3867.0,-2060
2022-09-19 02:13:31,93,-77,3867.0,-2137
2022-09-19 02:13:33,11,10,3867.0,-2127
2022-09-19 02:13:34,5,-1,3866.75,-2128
2022-09-19 02:13:35,11,9,3867.0,-2119
2022-09-19 02:13:36,47,-11,3867.0,-2130
2022-09-19 02:13:37,8,6,3866.75,-2124
2022-09-19 02:13:38,3,-3,3866.75,-2127
2022-09-19 02:13:39,1,-1,3866.75,-2128
2022-09-19 02:13:40,1,-1,3866.75,-2129
2022-09-19 02:13:41,8,0,3867.0,-2129
2022-09-19 02:13:42,1,-1,3866.75,-2130
2022-09-19 02:13:44,1,-1,3866.75,-2131
2022-09-19 02:13:45,28,6,3867.0,-2125
2022-09-19 02:13:46,4,4,3867.0,-2121
2022-09-19 02:13:48,2,-2,3867.0,-2123
2022-09-19 02:13:52,20,-30,3866.75,-2153
2022-09-19 02:13:53,4,3,3866.75,-2150
2022-09-19 02:13:57,1,-1,3866.75,-2151
2022-09-19 02:13:58,1,1,3866.75,-2150
2022-09-19 02:13:59,3,3,3866.75,-2147
2022-09-19 02:14:00,4,4,3866.75,-2143
2022-09-19 02:14:01,3,3,3866.75,-2140
2022-09-19 02:14:02,1,1,3866.75,-2139
2022-09-19 02:14:04,4,0,3866.75,-2139
2022-09-19 02:14:06,3,3,3866.75,-2136
2022-09-19 02:14:07,43,6,3867.0,-2130
2022-09-19 02:14:08,1,-1,3867.0,-2131
2022-09-19 02:14:12,68,1,3867.5,-2130
2022-09-19 02:14:13,22,9,3867.5,-2121
2022-09-19 02:14:14,24,33,3867.75,-2088
2022-09-19 02:14:15,1,1,3867.5,-2087
2022-09-19 02:14:17,8,2,3867.5,-2085
2022-09-19 02:14:18,1,1,3867.5,-2084
2022-09-19 02:14:22,1,1,3867.5,-2083
2022-09-19 02:14:25,20,0,3867.5,-2083
2022-09-19 02:14:27,1,1,3867.5,-2082
2022-09-19 02:14:31,9,-9,3867.5,-2091
2022-09-19 02:14:33,18,-11,3867.25,-2102
2022-09-19 02:14:34,5,-2,3867.25,-2104
2022-09-19 02:14:35,1,1,3867.0,-2103
2022-09-19 02:14:36,7,-3,3867.0,-2106
2022-09-19 02:14:40,3,-3,3866.75,-2109
2022-09-19 02:14:41,1,1,3866.75,-2108
2022-09-19 02:14:46,19,-18,3866.5,-2126
2022-09-19 02:14:47,5,-2,3866.25,-2128
2022-09-19 02:14:51,2,2,3866.5,-2126
2022-09-19 02:14:53,8,-6,3866.75,-2132
2022-09-19 02:14:54,47,6,3866.5,-2126
2022-09-19 02:14:55,2,-2,3866.5,-2128
2022-09-19 02:14:56,12,13,3866.75,-2115
2022-09-19 02:14:57,145,-145,3866.5,-2260
2022-09-19 02:14:58,8,6,3866.25,-2254
2022-09-19 02:14:59,12,4,3866.5,-2250
2022-09-19 02:15:00,10,-1,3866.5,-2251
2022-09-19 02:15:01,2,2,3866.25,-2249
2022-09-19 02:15:02,5,0,3866.5,-2249
2022-09-19 02:15:05,4,2,3867.0,-2247
2022-09-19 02:15:06,1,1,3867.0,-2246
2022-09-19 02:15:07,11,9,3867.0,-2237
2022-09-19 02:15:08,31,-3,3867.0,-2240
2022-09-19 02:15:09,1,-1,3866.75,-2241
2022-09-19 02:15:13,1,-1,3867.0,-2242
2022-09-19 02:15:14,10,2,3867.25,-2240
2022-09-19 02:15:15,2,2,3867.25,-2238
2022-09-19 02:15:16,5,5,3867.5,-2233
2022-09-19 02:15:17,1,1,3867.5,-2232
2022-09-19 02:15:18,20,9,3867.75,-2223
2022-09-19 02:15:19,25,6,3867.75,-2217
2022-09-19 02:15:21,31,19,3868.0,-2198
2022-09-19 02:15:22,10,10,3868.25,-2188
2022-09-19 02:15:23,5,5,3868.25,-2183
2022-09-19 02:15:25,9,-4,3868.25,-2187
2022-09-19 02:15:26,4,4,3868.0,-2183
2022-09-19 02:15:28,3,3,3868.25,-2180
2022-09-19 02:15:30,4,4,3868.5,-2176
2022-09-19 02:15:31,9,9,3868.5,-2167
2022-09-19 02:15:32,3,-1,3868.75,-2168
2022-09-19 02:15:35,79,6,3868.75,-2162
2022-09-19 02:15:36,3,3,3869.0,-2159
2022-09-19 02:15:37,10,-4,3869.0,-2163
2022-09-19 02:15:38,9,9,3868.75,-2154
2022-09-19 02:15:39,6,2,3868.75,-2152
2022-09-19 02:15:41,3,1,3868.75,-2151
2022-09-19 02:15:42,27,-7,3868.75,-2158
2022-09-19 02:15:45,40,16,3869.0,-2142
2022-09-19 02:15:46,8,2,3869.25,-2140
2022-09-19 02:15:47,24,21,3869.5,-2119
2022-09-19 02:15:48,4,-4,3869.25,-2123
2022-09-19 02:15:49,6,4,3869.5,-2119
2022-09-19 02:15:52,10,7,3869.5,-2112
2022-09-19 02:15:53,1,-1,3869.5,-2113
2022-09-19 02:15:54,16,6,3869.75,-2107
2022-09-19 02:15:55,2,2,3869.75,-2105
2022-09-19 02:15:56,1,1,3869.75,-2104
2022-09-19 02:15:57,8,-6,3869.75,-2110
2022-09-19 02:15:58,9,-2,3869.5,-2112
2022-09-19 02:15:59,1,-1,3869.5,-2113
2022-09-19 02:16:00,30,18,3870.0,-2095
2022-09-19 02:16:01,245,229,3871.25,-1866
2022-09-19 02:16:02,11,0,3870.5,-1866
2022-09-19 02:16:03,13,-12,3870.25,-1878
2022-09-19 02:16:04,14,12,3870.25,-1866
2022-09-19 02:16:05,3,-1,3870.5,-1867
2022-09-19 02:16:06,6,6,3870.5,-1861
2022-09-19 02:16:07,3,1,3870.75,-1860
2022-09-19 02:16:08,49,4,3871.0,-1856
2022-09-19 02:16:09,2,2,3870.75,-1854
2022-09-19 02:16:10,3,2,3871.0,-1852
2022-09-19 02:16:11,7,3,3871.0,-1849
2022-09-19 02:16:12,1,-1,3871.0,-1850
2022-09-19 02:16:13,13,-13,3871.0,-1863
2022-09-19 02:16:14,18,-12,3871.0,-1875
2022-09-19 02:16:16,1,1,3870.75,-1874
2022-09-19 02:16:18,26,-2,3870.5,-1876
2022-09-19 02:16:22,3,1,3870.5,-1875
2022-09-19 02:16:24,2,-2,3870.25,-1877
2022-09-19 02:16:25,9,-8,3870.25,-1885
2022-09-19 02:16:26,30,-16,3870.0,-1901
2022-09-19 02:16:27,3,3,3870.25,-1898
2022-09-19 02:16:28,7,-4,3870.0,-1902
2022-09-19 02:16:29,12,4,3870.0,-1898
2022-09-19 02:16:30,10,-5,3870.0,-1903
2022-09-19 02:16:31,21,16,3870.0,-1887
2022-09-19 02:16:33,3,1,3870.0,-1886
2022-09-19 02:16:34,34,9,3870.0,-1877
2022-09-19 02:16:36,4,2,3870.25,-1875
2022-09-19 02:16:37,18,6,3870.5,-1869
2022-09-19 02:16:39,2,-2,3870.25,-1871
2022-09-19 02:16:40,1,-1,3870.25,-1872
2022-09-19 02:16:41,1,1,3870.5,-1871
2022-09-19 02:16:42,2,-2,3870.25,-1873
2022-09-19 02:16:43,11,11,3870.25,-1862
2022-09-19 02:16:44,12,9,3870.5,-1853
2022-09-19 02:16:45,1,-1,3870.25,-1854
2022-09-19 02:16:47,1,1,3870.5,-1853
2022-09-19 02:16:48,4,4,3870.5,-1849
2022-09-19 02:16:49,4,-4,3870.5,-1853
2022-09-19 02:16:50,1,1,3870.5,-1852
2022-09-19 02:16:51,3,3,3870.5,-1849
2022-09-19 02:16:56,20,12,3871.0,-1837
2022-09-19 02:16:57,1,1,3870.75,-1836
2022-09-19 02:16:59,1,-1,3870.5,-1837
2022-09-19 02:17:00,1,1,3870.75,-1836
2022-09-19 02:17:01,4,0,3870.75,-1836
2022-09-19 02:17:02,1,1,3870.75,-1835
2022-09-19 02:17:03,1,-1,3870.75,-1836
2022-09-19 02:17:04,1,-1,3870.75,-1837
2022-09-19 02:17:05,2,-2,3870.75,-1839
2022-09-19 02:17:07,3,-3,3870.75,-1842
2022-09-19 02:17:11,12,-12,3870.5,-1854
2022-09-19 02:17:12,8,2,3870.5,-1852
2022-09-19 02:17:17,7,-6,3870.25,-1858
2022-09-19 02:17:18,33,27,3870.5,-1831
2022-09-19 02:17:19,20,31,3870.75,-1800
2022-09-19 02:17:24,17,0,3870.75,-1800
2022-09-19 02:17:25,1,-1,3870.5,-1801
2022-09-19 02:17:26,1,1,3870.75,-1800
2022-09-19 02:17:28,1,-1,3870.5,-1801
2022-09-19 02:17:30,4,3,3870.75,-1798
2022-09-19 02:17:33,2,0,3870.75,-1798
2022-09-19 02:17:37,2,2,3870.75,-1796
2022-09-19 02:17:39,17,-4,3870.75,-1800
2022-09-19 02:17:41,5,5,3870.75,-1795
2022-09-19 02:17:42,1,-1,3870.75,-1796
2022-09-19 02:17:48,1,-1,3870.75,-1797
2022-09-19 02:17:49,1,1,3871.0,-1796
2022-09-19 02:17:51,2,-2,3870.75,-1798
2022-09-19 02:17:52,112,-64,3870.75,-1862
2022-09-19 02:17:53,1,-1,3870.0,-1863
2022-09-19 02:17:54,19,-10,3870.0,-1873
2022-09-19 02:17:55,30,-28,3869.75,-1901
2022-09-19 02:17:56,1,-1,3869.5,-1902
2022-09-19 02:17:58,1,-1,3869.5,-1903
2022-09-19 02:17:59,1,-1,3869.5,-1904
2022-09-19 02:18:02,19,9,3869.75,-1895
2022-09-19 02:18:03,2,-2,3869.75,-1897
2022-09-19 02:18:05,4,-4,3869.75,-1901
2022-09-19 02:18:10,39,26,3870.5,-1875
2022-09-19 02:18:11,6,3,3870.25,-1872
2022-09-19 02:18:16,21,9,3870.75,-1863
2022-09-19 02:18:17,1,1,3870.75,-1862
2022-09-19 02:18:19,1,1,3870.75,-1861
2022-09-19 02:18:21,1,-1,3870.5,-1862
2022-09-19 02:18:24,1,-1,3870.5,-1863
2022-09-19 02:18:27,4,-4,3870.5,-1867
2022-09-19 02:18:33,17,7,3870.5,-1860
2022-09-19 02:18:37,3,3,3870.75,-1857
2022-09-19 02:18:38,8,-8,3870.5,-1865
2022-09-19 02:18:39,1,1,3870.5,-1864
2022-09-19 02:18:41,70,34,3871.0,-1830
2022-09-19 02:18:44,8,1,3870.5,-1829
2022-09-19 02:18:46,5,5,3870.5,-1824
2022-09-19 02:18:49,1,1,3870.75,-1823
2022-09-19 02:18:50,5,1,3870.75,-1822
2022-09-19 02:18:51,1,-1,3870.5,-1823
2022-09-19 02:18:57,3,-1,3871.0,-1824
2022-09-19 02:18:58,3,-1,3870.75,-1825
2022-09-19 02:19:00,1,1,3870.75,-1824
2022-09-19 02:19:01,3,3,3871.0,-1821
2022-09-19 02:19:02,2,2,3871.0,-1819
2022-09-19 02:19:03,2,-2,3870.75,-1821
2022-09-19 02:19:05,4,-4,3870.75,-1825
2022-09-19 02:19:11,2,-2,3870.5,-1827
2022-09-19 02:19:13,1,-1,3870.5,-1828
2022-09-19 02:19:16,1,-1,3870.5,-1829
2022-09-19 02:19:18,3,1,3870.75,-1828
2022-09-19 02:19:20,3,-3,3870.5,-1831
2022-09-19 02:19:21,1,1,3870.75,-1830
2022-09-19 02:19:22,1,1,3870.75,-1829
2022-09-19 02:19:23,12,10,3870.75,-1819
2022-09-19 02:19:24,135,153,3871.75,-1666
2022-09-19 02:19:25,4,-3,3871.25,-1669
2022-09-19 02:19:26,1,1,3871.25,-1668
2022-09-19 02:19:27,10,0,3871.25,-1668
2022-09-19 02:19:32,8,0,3871.5,-1668
2022-09-19 02:19:34,16,10,3871.75,-1658
2022-09-19 02:19:35,35,15,3872.25,-1643
2022-09-19 02:19:36,9,1,3872.0,-1642
2022-09-19 02:19:37,4,-2,3872.0,-1644
2022-09-19 02:19:38,9,4,3872.25,-1640
2022-09-19 02:19:40,2,0,3872.25,-1640
2022-09-19 02:19:43,39,-8,3872.0,-1648
2022-09-19 02:19:44,11,4,3872.0,-1644
2022-09-19 02:19:46,1,-1,3872.0,-1645
2022-09-19 02:19:51,6,-4,3872.0,-1649
2022-09-19 02:19:53,1,1,3872.0,-1648
2022-09-19 02:19:54,2,0,3872.0,-1648
2022-09-19 02:19:57,5,-2,3872.0,-1650
2022-09-19 02:20:01,3,-3,3872.0,-1653
2022-09-19 02:20:02,2,-2,3871.75,-1655
2022-09-19 02:20:03,2,2,3872.0,-1653
2022-09-19 02:20:04,10,-7,3872.0,-1660
2022-09-19 02:20:05,2,2,3872.0,-1658
2022-09-19 02:20:06,18,9,3872.25,-1649
2022-09-19 02:20:07,1,1,3872.25,-1648
2022-09-19 02:20:09,1,-1,3872.25,-1649
2022-09-19 02:20:10,1,1,3872.25,-1648
2022-09-19 02:20:11,3,3,3872.25,-1645
2022-09-19 02:20:12,27,-15,3872.0,-1660
2022-09-19 02:20:14,17,-12,3872.0,-1672
2022-09-19 02:20:16,18,8,3872.0,-1664
2022-09-19 02:20:18,3,-3,3872.0,-1667
2022-09-19 02:20:20,4,2,3872.0,-1665
2022-09-19 02:20:21,1,-1,3871.75,-1666
2022-09-19 02:20:23,30,-22,3871.75,-1688
2022-09-19 02:20:26,1,1,3871.75,-1687
2022-09-19 02:20:27,7,-7,3871.5,-1694
2022-09-19 02:20:28,1,1,3871.5,-1693
2022-09-19 02:20:29,12,-11,3871.25,-1704
2022-09-19 02:20:33,26,-21,3871.0,-1725
2022-09-19 02:20:35,1,1,3871.25,-1724
2022-09-19 02:20:36,6,-3,3871.25,-1727
2022-09-19 02:20:37,8,6,3871.25,-1721
2022-09-19 02:20:38,1,-1,3871.25,-1722
2022-09-19 02:20:40,2,0,3871.5,-1722
2022-09-19 02:20:42,26,21,3871.75,-1701
2022-09-19 02:20:43,2,-2,3871.5,-1703
2022-09-19 02:20:47,1,-1,3871.5,-1704
2022-09-19 02:20:49,19,7,3871.75,-1697
2022-09-19 02:20:52,3,-3,3871.25,-1700
2022-09-19 02:20:58,10,9,3871.5,-1691
2022-09-19 02:20:59,1,1,3871.75,-1690
2022-09-19 02:21:00,3,-3,3871.5,-1693
2022-09-19 02:21:04,3,-3,3871.25,-1696
2022-09-19 02:21:06,6,4,3871.5,-1692
2022-09-19 02:21:07,1,1,3871.25,-1691
2022-09-19 02:21:12,2,-2,3871.25,-1693
2022-09-19 02:21:14,3,3,3871.25,-1690
2022-09-19 02:21:16,1,1,3871.5,-1689
2022-09-19 02:21:18,2,0,3871.5,-1689
2022-09-19 02:21:20,1,-1,3871.25,-1690
2022-09-19 02:21:22,7,5,3871.5,-1685
2022-09-19 02:21:23,21,10,3871.75,-1675
2022-09-19 02:21:30,1,1,3872.0,-1674
2022-09-19 02:21:31,38,17,3872.0,-1657
2022-09-19 02:21:34,17,12,3872.75,-1645
2022-09-19 02:21:35,19,17,3873.25,-1628
2022-09-19 02:21:36,25,13,3873.25,-1615
2022-09-19 02:21:37,14,-10,3873.25,-1625
2022-09-19 02:21:39,1,-1,3873.0,-1626
2022-09-19 02:21:40,15,-9,3873.25,-1635
2022-09-19 02:21:41,1,1,3873.0,-1634
2022-09-19 02:21:43,11,-5,3872.75,-1639
2022-09-19 02:21:46,10,-6,3872.75,-1645
2022-09-19 02:21:47,2,-2,3872.75,-1647
2022-09-19 02:21:48,4,0,3872.75,-1647
2022-09-19 02:21:50,8,-7,3872.5,-1654
2022-09-19 02:21:51,4,4,3872.5,-1650
2022-09-19 02:21:53,1,-1,3872.5,-1651
2022-09-19 02:21:54,3,-3,3872.5,-1654
2022-09-19 02:21:59,16,-2,3872.25,-1656
2022-09-19 02:22:00,5,-4,3872.25,-1660
2022-09-19 02:22:01,1,1,3872.25,-1659
2022-09-19 02:22:02,1,1,3872.25,-1658
2022-09-19 02:22:04,10,-10,3872.0,-1668
2022-09-19 02:22:05,3,3,3872.0,-1665
2022-09-19 02:22:06,1,-1,3872.0,-1666
2022-09-19 02:22:08,2,2,3872.25,-1664
2022-09-19 02:22:10,11,9,3872.25,-1655
2022-09-19 02:22:11,3,-3,3872.0,-1658
2022-09-19 02:22:12,6,-4,3872.0,-1662
2022-09-19 02:22:15,13,-4,3871.75,-1666
2022-09-19 02:22:18,6,4,3871.75,-1662
2022-09-19 02:22:19,1,-1,3871.75,-1663
2022-09-19 02:22:20,2,2,3872.0,-1661
2022-09-19 02:22:22,1,-1,3872.0,-1662
2022-09-19 02:22:25,2,2,3872.25,-1660
2022-09-19 02:22:27,1,-1,3872.25,-1661
2022-09-19 02:22:29,5,0,3872.25,-1661
2022-09-19 02:22:30,1,-1,3872.25,-1662
2022-09-19 02:22:31,2,0,3872.25,-1662
2022-09-19 02:22:34,1,1,3872.25,-1661
2022-09-19 02:22:35,1,1,3872.25,-1660
2022-09-19 02:22:36,1,-1,3872.0,-1661
2022-09-19 02:22:38,5,-5,3872.0,-1666
2022-09-19 02:22:39,4,2,3872.0,-1664
2022-09-19 02:22:43,2,-2,3871.75,-1666
2022-09-19 02:22:44,1,1,3872.0,-1665
2022-09-19 02:22:45,2,2,3872.25,-1663
2022-09-19 02:22:46,2,2,3872.25,-1661
2022-09-19 02:22:49,1,-1,3872.25,-1662
2022-09-19 02:22:52,1,1,3872.5,-1661
2022-09-19 02:22:53,1,-1,3872.25,-1662
2022-09-19 02:22:55,2,2,3872.5,-1660
2022-09-19 02:22:59,14,-6,3872.25,-1666
2022-09-19 02:23:00,20,14,3872.5,-1652
2022-09-19 02:23:01,4,-3,3872.5,-1655
2022-09-19 02:23:06,2,2,3872.75,-1653
2022-09-19 02:23:10,13,1,3872.75,-1652
2022-09-19 02:23:11,1,-1,3872.75,-1653
2022-09-19 02:23:13,22,-5,3872.5,-1658
2022-09-19 02:23:16,17,3,3872.5,-1655
2022-09-19 02:23:22,40,-1,3872.75,-1656
2022-09-19 02:23:25,4,4,3872.75,-1652
2022-09-19 02:23:28,3,1,3872.75,-1651
2022-09-19 02:23:31,11,-2,3872.5,-1653
2022-09-19 02:23:33,1,1,3872.75,-1652
2022-09-19 02:23:35,1,1,3872.75,-1651
2022-09-19 02:23:36,22,16,3873.0,-1635
2022-09-19 02:23:39,3,3,3873.0,-1632
2022-09-19 02:23:41,1,-1,3873.0,-1633
2022-09-19 02:23:42,3,3,3873.25,-1630
2022-09-19 02:23:44,1,1,3873.0,-1629
2022-09-19 02:23:46,1,1,3873.25,-1628
2022-09-19 02:23:47,2,2,3873.25,-1626
2022-09-19 02:23:52,6,2,3873.25,-1624
2022-09-19 02:23:54,4,-4,3873.25,-1628
2022-09-19 02:23:55,7,-3,3873.25,-1631
2022-09-19 02:23:56,1,1,3873.25,-1630
2022-09-19 02:23:58,12,6,3873.25,-1624
2022-09-19 02:24:00,13,-7,3873.0,-1631
2022-09-19 02:24:01,2,2,3873.25,-1629
2022-09-19 02:24:07,1,-1,3873.0,-1630
2022-09-19 02:24:12,1,-1,3872.75,-1631
2022-09-19 02:24:17,10,7,3873.0,-1624
2022-09-19 02:24:18,8,6,3873.0,-1618
2022-09-19 02:24:20,5,-3,3873.0,-1621
2022-09-19 02:24:21,3,3,3873.0,-1618
2022-09-19 02:24:24,1,-1,3873.0,-1619
2022-09-19 02:24:25,1,1,3873.25,-1618
2022-09-19 02:24:26,14,13,3873.25,-1605
2022-09-19 02:24:27,6,5,3873.5,-1600
2022-09-19 02:24:29,5,-5,3873.25,-1605
2022-09-19 02:24:33,1,1,3873.25,-1604
2022-09-19 02:24:34,2,-2,3873.0,-1606
2022-09-19 02:24:39,10,-2,3873.0,-1608
2022-09-19 02:24:43,3,3,3873.25,-1605
2022-09-19 02:24:44,1,-1,3873.0,-1606
2022-09-19 02:24:45,57,34,3873.5,-1572
2022-09-19 02:24:50,2,-2,3873.25,-1574
2022-09-19 02:24:51,1,-1,3873.25,-1575
2022-09-19 02:24:56,41,10,3873.25,-1565
2022-09-19 02:24:59,41,6,3873.5,-1559
2022-09-19 02:25:00,1,-1,3873.25,-1560
2022-09-19 02:25:02,22,-2,3873.5,-1562
2022-09-19 02:25:08,5,5,3873.75,-1557
2022-09-19 02:25:11,4,2,3874.0,-1555
2022-09-19 02:25:13,1,-1,3873.75,-1556
2022-09-19 02:25:15,16,9,3874.0,-1547
2022-09-19 02:25:16,1,-1,3874.0,-1548
2022-09-19 02:25:19,9,-3,3874.0,-1551
2022-09-19 02:25:20,2,2,3873.75,-1549
2022-09-19 02:25:22,10,-8,3873.75,-1557
2022-09-19 02:25:23,2,0,3873.5,-1557
2022-09-19 02:25:26,5,-1,3873.5,-1558
2022-09-19 02:25:32,11,9,3873.75,-1549
2022-09-19 02:25:34,1,-1,3873.75,-1550
2022-09-19 02:25:38,1,-1,3873.75,-1551
2022-09-19 02:25:39,4,4,3874.0,-1547
2022-09-19 02:25:40,3,-3,3874.0,-1550
2022-09-19 02:25:41,2,-2,3874.0,-1552
2022-09-19 02:25:42,1,1,3874.0,-1551
2022-09-19 02:25:43,17,24,3874.5,-1527
2022-09-19 02:25:44,39,-28,3874.5,-1555
2022-09-19 02:25:45,3,3,3874.5,-1552
2022-09-19 02:25:46,5,-5,3874.25,-1557
