Date,Vol,BidAsk,Price,BidAskCum
2022-10-03 12:30:00,110,-18,3662.75,13093
2022-10-03 12:30:01,28,-4,3662.5,13089
2022-10-03 12:30:02,12,-9,3662.5,13080
2022-10-03 12:30:03,77,15,3663.0,13095
2022-10-03 12:30:04,8,3,3663.0,13098
2022-10-03 12:30:05,37,-4,3663.0,13094
2022-10-03 12:30:06,10,7,3662.75,13101
2022-10-03 12:30:07,11,7,3662.75,13108
2022-10-03 12:30:08,47,-8,3662.75,13100
2022-10-03 12:30:09,25,2,3662.75,13102
2022-10-03 12:30:10,119,-61,3663.0,13041
2022-10-03 12:30:11,18,-8,3662.75,13033
2022-10-03 12:30:12,11,9,3662.75,13042
2022-10-03 12:30:13,33,-1,3663.0,13041
2022-10-03 12:30:14,55,-24,3662.75,13017
2022-10-03 12:30:15,93,-25,3662.5,12992
2022-10-03 12:30:16,29,-15,3662.25,12977
2022-10-03 12:30:17,54,0,3662.25,12977
2022-10-03 12:30:18,111,-69,3662.25,12908
2022-10-03 12:30:19,73,7,3662.25,12915
2022-10-03 12:30:20,44,3,3662.5,12918
2022-10-03 12:30:21,47,-16,3662.0,12902
2022-10-03 12:30:22,54,-8,3661.5,12894
2022-10-03 12:30:23,78,18,3662.0,12912
2022-10-03 12:30:24,59,10,3662.25,12922
2022-10-03 12:30:25,39,-18,3662.0,12904
2022-10-03 12:30:26,1,1,3661.75,12905
2022-10-03 12:30:27,58,-22,3661.75,12883
2022-10-03 12:30:28,33,-8,3661.5,12875
2022-10-03 12:30:29,297,-82,3661.25,12793
2022-10-03 12:30:30,29,2,3660.75,12795
2022-10-03 12:30:31,47,-15,3660.75,12780
2022-10-03 12:30:32,70,-46,3660.75,12734
2022-10-03 12:30:33,81,8,3660.75,12742
2022-10-03 12:30:34,55,7,3660.75,12749
2022-10-03 12:30:35,76,-40,3660.75,12709
2022-10-03 12:30:36,27,0,3660.5,12709
2022-10-03 12:30:37,11,-5,3660.75,12704
2022-10-03 12:30:38,62,25,3661.25,12729
2022-10-03 12:30:39,34,-2,3661.0,12727
2022-10-03 12:30:40,47,0,3661.25,12727
2022-10-03 12:30:41,40,12,3661.25,12739
2022-10-03 12:30:42,58,-10,3661.25,12729
2022-10-03 12:30:43,16,1,3661.0,12730
2022-10-03 12:30:44,33,-10,3660.75,12720
2022-10-03 12:30:45,63,7,3661.0,12727
2022-10-03 12:30:46,31,9,3660.75,12736
2022-10-03 12:30:47,33,2,3661.0,12738
2022-10-03 12:30:48,45,-6,3661.0,12732
2022-10-03 12:30:49,60,5,3661.0,12737
2022-10-03 12:30:50,47,-18,3661.25,12719
2022-10-03 12:30:51,102,-37,3660.75,12682
2022-10-03 12:30:52,25,14,3660.75,12696
2022-10-03 12:30:53,5,-5,3660.5,12691
2022-10-03 12:30:54,69,22,3661.0,12713
2022-10-03 12:30:55,29,-4,3661.25,12709
2022-10-03 12:30:56,22,-12,3661.0,12697
2022-10-03 12:30:57,41,-6,3661.0,12691
2022-10-03 12:30:58,22,14,3660.75,12705
2022-10-03 12:30:59,33,6,3661.0,12711
2022-10-03 12:31:00,40,-4,3661.0,12707
2022-10-03 12:31:01,80,-19,3660.75,12688
2022-10-03 12:31:02,44,9,3660.75,12697
2022-10-03 12:31:03,450,-111,3660.5,12586
2022-10-03 12:31:04,64,-26,3660.0,12560
2022-10-03 12:31:05,75,-2,3660.0,12558
2022-10-03 12:31:06,56,18,3660.25,12576
2022-10-03 12:31:07,132,-3,3660.25,12573
2022-10-03 12:31:08,74,-5,3660.75,12568
2022-10-03 12:31:09,11,-6,3660.5,12562
2022-10-03 12:31:10,104,-2,3660.25,12560
2022-10-03 12:31:11,57,1,3660.5,12561
2022-10-03 12:31:12,34,15,3660.5,12576
2022-10-03 12:31:13,65,10,3660.75,12586
2022-10-03 12:31:14,10,3,3660.75,12589
2022-10-03 12:31:15,9,4,3661.0,12593
2022-10-03 12:31:16,175,34,3661.0,12627
2022-10-03 12:31:17,32,14,3661.0,12641
2022-10-03 12:31:18,77,37,3661.5,12678
2022-10-03 12:31:19,57,-56,3661.5,12622
2022-10-03 12:31:20,75,-28,3661.0,12594
2022-10-03 12:31:21,1,1,3660.5,12595
2022-10-03 12:31:22,25,19,3660.75,12614
2022-10-03 12:31:23,34,-19,3660.5,12595
2022-10-03 12:31:24,38,16,3660.5,12611
2022-10-03 12:31:25,5,-2,3660.5,12609
2022-10-03 12:31:26,5,-3,3660.5,12606
2022-10-03 12:31:27,10,-7,3660.5,12599
2022-10-03 12:31:28,61,-10,3660.5,12589
2022-10-03 12:31:29,20,3,3660.5,12592
2022-10-03 12:31:30,49,-21,3660.25,12571
2022-10-03 12:31:31,2,2,3660.5,12573
2022-10-03 12:31:32,75,3,3660.5,12576
2022-10-03 12:31:33,5,-5,3660.25,12571
2022-10-03 12:31:34,37,6,3660.5,12577
2022-10-03 12:31:35,25,-4,3660.5,12573
2022-10-03 12:31:36,5,-1,3660.5,12572
2022-10-03 12:31:37,52,-8,3660.5,12564
2022-10-03 12:31:38,19,-3,3660.5,12561
2022-10-03 12:31:39,3,3,3660.5,12564
2022-10-03 12:31:40,1,-1,3660.25,12563
2022-10-03 12:31:41,40,5,3660.75,12568
2022-10-03 12:31:42,9,-3,3660.5,12565
2022-10-03 12:31:43,20,-3,3660.25,12562
2022-10-03 12:31:44,11,5,3660.5,12567
2022-10-03 12:31:45,26,-11,3660.5,12556
2022-10-03 12:31:46,17,3,3660.25,12559
2022-10-03 12:31:47,2,-2,3660.0,12557
2022-10-03 12:31:48,23,-5,3660.25,12552
2022-10-03 12:31:50,79,-6,3660.25,12546
2022-10-03 12:31:51,60,17,3660.25,12563
2022-10-03 12:31:52,13,5,3660.25,12568
2022-10-03 12:31:53,3,-1,3660.25,12567
2022-10-03 12:31:54,20,-8,3660.25,12559
2022-10-03 12:31:55,24,-2,3660.25,12557
2022-10-03 12:31:56,17,2,3660.25,12559
2022-10-03 12:31:57,10,-1,3660.25,12558
2022-10-03 12:31:58,55,-8,3660.25,12550
2022-10-03 12:31:59,9,-8,3660.0,12542
2022-10-03 12:32:00,36,4,3660.5,12546
2022-10-03 12:32:01,85,-12,3660.5,12534
2022-10-03 12:32:02,15,6,3660.25,12540
2022-10-03 12:32:03,12,8,3660.5,12548
2022-10-03 12:32:04,36,-2,3660.5,12546
2022-10-03 12:32:05,14,-9,3660.25,12537
2022-10-03 12:32:06,21,19,3660.75,12556
2022-10-03 12:32:07,87,10,3661.5,12566
2022-10-03 12:32:08,32,11,3661.25,12577
2022-10-03 12:32:09,83,27,3661.5,12604
2022-10-03 12:32:10,30,1,3661.5,12605
2022-10-03 12:32:11,11,-5,3661.5,12600
2022-10-03 12:32:12,20,-2,3661.5,12598
2022-10-03 12:32:13,115,49,3662.0,12647
2022-10-03 12:32:14,171,38,3662.5,12685
2022-10-03 12:32:15,30,0,3662.0,12685
2022-10-03 12:32:16,23,-9,3662.0,12676
2022-10-03 12:32:17,16,3,3662.25,12679
2022-10-03 12:32:18,10,3,3662.25,12682
2022-10-03 12:32:19,36,3,3662.25,12685
2022-10-03 12:32:20,140,14,3662.5,12699
2022-10-03 12:32:21,29,5,3662.0,12704
2022-10-03 12:32:22,1,1,3662.25,12705
2022-10-03 12:32:23,62,12,3662.5,12717
2022-10-03 12:32:24,7,3,3662.5,12720
2022-10-03 12:32:25,93,-33,3662.25,12687
2022-10-03 12:32:26,9,-1,3661.75,12686
2022-10-03 12:32:27,37,4,3662.0,12690
2022-10-03 12:32:28,20,9,3662.0,12699
2022-10-03 12:32:29,22,8,3662.0,12707
2022-10-03 12:32:30,66,-16,3662.5,12691
2022-10-03 12:32:31,88,-37,3662.25,12654
2022-10-03 12:32:32,54,-1,3662.5,12653
2022-10-03 12:32:33,26,-7,3662.25,12646
2022-10-03 12:32:34,3,3,3662.25,12649
2022-10-03 12:32:35,20,17,3662.5,12666
2022-10-03 12:32:36,37,4,3662.5,12670
2022-10-03 12:32:37,61,12,3662.25,12682
2022-10-03 12:32:38,3,-1,3662.25,12681
2022-10-03 12:32:39,22,-8,3662.25,12673
2022-10-03 12:32:40,44,9,3662.5,12682
2022-10-03 12:32:41,53,-23,3662.25,12659
2022-10-03 12:32:42,51,19,3662.75,12678
2022-10-03 12:32:43,3,1,3662.75,12679
2022-10-03 12:32:44,43,26,3663.0,12705
2022-10-03 12:32:45,32,-16,3663.0,12689
2022-10-03 12:32:46,11,5,3663.0,12694
2022-10-03 12:32:47,32,6,3663.25,12700
2022-10-03 12:32:48,182,58,3664.0,12758
2022-10-03 12:32:49,52,-5,3663.75,12753
2022-10-03 12:32:50,51,-11,3663.75,12742
2022-10-03 12:32:51,55,-14,3663.75,12728
2022-10-03 12:32:52,34,-12,3663.75,12716
2022-10-03 12:32:53,13,2,3663.75,12718
2022-10-03 12:32:54,127,14,3663.75,12732
2022-10-03 12:32:55,34,-10,3663.75,12722
2022-10-03 12:32:56,71,-31,3663.25,12691
2022-10-03 12:32:57,100,36,3663.25,12727
2022-10-03 12:32:58,17,-15,3662.75,12712
2022-10-03 12:32:59,44,17,3663.5,12729
2022-10-03 12:33:00,42,5,3663.5,12734
2022-10-03 12:33:01,3,-1,3663.25,12733
2022-10-03 12:33:02,18,16,3663.25,12749
2022-10-03 12:33:03,40,-4,3663.5,12745
2022-10-03 12:33:04,17,1,3663.5,12746
2022-10-03 12:33:05,44,-4,3663.5,12742
2022-10-03 12:33:06,17,2,3663.5,12744
2022-10-03 12:33:07,2,2,3663.5,12746
2022-10-03 12:33:08,34,14,3663.5,12760
2022-10-03 12:33:09,11,8,3663.75,12768
2022-10-03 12:33:10,22,-7,3663.75,12761
2022-10-03 12:33:11,8,-4,3663.75,12757
2022-10-03 12:33:12,15,-6,3664.0,12751
2022-10-03 12:33:13,252,-20,3664.0,12731
2022-10-03 12:33:14,114,-58,3663.75,12673
2022-10-03 12:33:15,17,1,3663.75,12674
2022-10-03 12:33:16,326,-42,3663.75,12632
2022-10-03 12:33:17,37,7,3664.0,12639
2022-10-03 12:33:19,55,-1,3664.0,12638
2022-10-03 12:33:20,193,-47,3663.75,12591
2022-10-03 12:33:21,10,3,3663.5,12594
2022-10-03 12:33:22,96,6,3663.75,12600
2022-10-03 12:33:23,108,-46,3663.5,12554
2022-10-03 12:33:24,6,-2,3663.5,12552
2022-10-03 12:33:25,6,2,3663.5,12554
2022-10-03 12:33:26,3,0,3663.5,12554
2022-10-03 12:33:27,15,0,3663.5,12554
2022-10-03 12:33:28,42,1,3663.5,12555
2022-10-03 12:33:29,90,-21,3663.5,12534
2022-10-03 12:33:30,149,-12,3663.25,12522
2022-10-03 12:33:31,188,16,3663.5,12538
2022-10-03 12:33:32,71,2,3663.25,12540
2022-10-03 12:33:33,10,6,3663.5,12546
2022-10-03 12:33:34,8,1,3663.5,12547
2022-10-03 12:33:35,15,-13,3663.5,12534
2022-10-03 12:33:36,52,1,3663.25,12535
2022-10-03 12:33:37,1,-1,3663.25,12534
2022-10-03 12:33:38,112,26,3663.5,12560
2022-10-03 12:33:39,67,16,3663.5,12576
2022-10-03 12:33:41,7,4,3663.75,12580
2022-10-03 12:33:42,47,-21,3663.5,12559
2022-10-03 12:33:43,141,23,3664.0,12582
2022-10-03 12:33:44,96,0,3664.25,12582
2022-10-03 12:33:45,70,-34,3664.25,12548
2022-10-03 12:33:46,8,5,3664.0,12553
2022-10-03 12:33:47,5,0,3664.25,12553
2022-10-03 12:33:48,86,-27,3664.25,12526
2022-10-03 12:33:49,17,-9,3664.25,12517
2022-10-03 12:33:50,61,25,3664.25,12542
2022-10-03 12:33:51,59,32,3664.25,12574
2022-10-03 12:33:52,21,17,3664.25,12591
2022-10-03 12:33:53,124,-82,3664.25,12509
2022-10-03 12:33:54,22,-6,3664.25,12503
2022-10-03 12:33:55,67,-15,3664.0,12488
2022-10-03 12:33:56,172,67,3664.0,12555
2022-10-03 12:33:57,80,-17,3664.25,12538
2022-10-03 12:33:58,1,-1,3664.25,12537
2022-10-03 12:33:59,100,24,3664.75,12561
2022-10-03 12:34:00,110,-7,3664.75,12554
2022-10-03 12:34:01,42,18,3665.0,12572
2022-10-03 12:34:02,126,-8,3664.75,12564
2022-10-03 12:34:03,6,1,3664.75,12565
2022-10-03 12:34:04,15,7,3664.75,12572
2022-10-03 12:34:05,38,-15,3665.0,12557
2022-10-03 12:34:06,49,-18,3665.0,12539
2022-10-03 12:34:07,22,14,3665.0,12553
2022-10-03 12:34:08,120,9,3665.0,12562
2022-10-03 12:34:09,64,67,3665.25,12629
2022-10-03 12:34:10,1,1,3665.25,12630
2022-10-03 12:34:11,2,1,3665.25,12631
2022-10-03 12:34:12,75,-6,3665.5,12625
2022-10-03 12:34:13,41,-8,3665.5,12617
2022-10-03 12:34:14,54,17,3665.75,12634
2022-10-03 12:34:15,124,31,3666.0,12665
2022-10-03 12:34:16,73,-6,3666.0,12659
2022-10-03 12:34:17,191,36,3666.5,12695
2022-10-03 12:34:18,49,-16,3666.0,12679
2022-10-03 12:34:19,152,-46,3666.0,12633
2022-10-03 12:34:20,97,-12,3666.0,12621
2022-10-03 12:34:21,54,-19,3666.0,12602
2022-10-03 12:34:22,3,-3,3665.5,12599
2022-10-03 12:34:23,61,-27,3665.5,12572
2022-10-03 12:34:24,2,0,3665.5,12572
2022-10-03 12:34:25,20,-3,3665.25,12569
2022-10-03 12:34:26,29,-23,3665.25,12546
2022-10-03 12:34:27,24,-7,3665.0,12539
2022-10-03 12:34:28,36,-11,3665.25,12528
2022-10-03 12:34:29,12,-7,3665.0,12521
2022-10-03 12:34:30,2,-2,3665.0,12519
2022-10-03 12:34:31,33,-13,3665.0,12506
2022-10-03 12:34:32,16,8,3665.0,12514
2022-10-03 12:34:33,15,-2,3665.0,12512
2022-10-03 12:34:34,43,9,3665.25,12521
2022-10-03 12:34:35,5,-4,3665.0,12517
2022-10-03 12:34:36,18,10,3665.25,12527
2022-10-03 12:34:37,11,-10,3665.25,12517
2022-10-03 12:34:38,43,22,3665.5,12539
2022-10-03 12:34:39,18,14,3665.75,12553
2022-10-03 12:34:40,103,21,3666.0,12574
2022-10-03 12:34:41,1,-1,3666.0,12573
2022-10-03 12:34:42,179,-3,3666.5,12570
2022-10-03 12:34:43,60,-29,3666.0,12541
2022-10-03 12:34:44,118,-59,3666.0,12482
2022-10-03 12:34:45,106,-11,3666.0,12471
2022-10-03 12:34:46,31,7,3666.25,12478
2022-10-03 12:34:47,61,26,3666.5,12504
2022-10-03 12:34:48,6,-3,3666.5,12501
2022-10-03 12:34:49,6,1,3666.5,12502
2022-10-03 12:34:50,2,2,3666.5,12504
2022-10-03 12:34:51,8,5,3666.5,12509
2022-10-03 12:34:52,79,32,3666.75,12541
2022-10-03 12:34:53,22,10,3666.75,12551
2022-10-03 12:34:54,81,-11,3666.75,12540
2022-10-03 12:34:55,98,-24,3666.75,12516
2022-10-03 12:34:56,160,37,3666.75,12553
2022-10-03 12:34:57,18,13,3667.0,12566
2022-10-03 12:34:58,138,-24,3667.0,12542
2022-10-03 12:34:59,113,23,3666.75,12565
2022-10-03 12:35:00,23,-1,3666.75,12564
2022-10-03 12:35:01,103,-26,3666.75,12538
2022-10-03 12:35:02,4,0,3666.75,12538
2022-10-03 12:35:03,10,-8,3666.5,12530
2022-10-03 12:35:04,160,40,3667.0,12570
2022-10-03 12:35:05,71,-3,3667.0,12567
2022-10-03 12:35:06,63,8,3667.25,12575
2022-10-03 12:35:07,61,3,3666.75,12578
2022-10-03 12:35:08,46,-28,3666.75,12550
2022-10-03 12:35:09,44,-20,3666.5,12530
2022-10-03 12:35:10,27,-3,3666.25,12527
2022-10-03 12:35:11,26,18,3666.75,12545
2022-10-03 12:35:12,16,10,3667.0,12555
2022-10-03 12:35:13,64,6,3667.0,12561
2022-10-03 12:35:14,6,2,3667.0,12563
2022-10-03 12:35:15,262,-5,3667.25,12558
2022-10-03 12:35:16,103,-20,3667.25,12538
2022-10-03 12:35:17,26,-7,3667.25,12531
2022-10-03 12:35:18,37,-16,3667.0,12515
2022-10-03 12:35:19,20,-15,3667.0,12500
2022-10-03 12:35:20,87,37,3667.0,12537
2022-10-03 12:35:21,34,-16,3666.75,12521
2022-10-03 12:35:22,8,-3,3666.75,12518
2022-10-03 12:35:23,2,0,3667.0,12518
2022-10-03 12:35:24,28,13,3667.0,12531
2022-10-03 12:35:25,115,14,3667.25,12545
2022-10-03 12:35:26,13,5,3667.0,12550
2022-10-03 12:35:27,2,-2,3667.0,12548
2022-10-03 12:35:28,73,-21,3667.0,12527
2022-10-03 12:35:29,19,-1,3666.75,12526
2022-10-03 12:35:30,19,6,3666.75,12532
2022-10-03 12:35:31,12,-10,3666.75,12522
2022-10-03 12:35:32,66,-8,3666.75,12514
2022-10-03 12:35:33,32,-8,3666.5,12506
2022-10-03 12:35:34,26,-21,3666.5,12485
2022-10-03 12:35:35,6,-2,3666.25,12483
2022-10-03 12:35:36,47,13,3666.5,12496
2022-10-03 12:35:37,33,-2,3666.5,12494
2022-10-03 12:35:38,33,-5,3666.5,12489
2022-10-03 12:35:39,16,6,3666.5,12495
2022-10-03 12:35:40,46,10,3666.75,12505
2022-10-03 12:35:41,13,6,3667.0,12511
2022-10-03 12:35:42,21,7,3666.75,12518
2022-10-03 12:35:43,3,-1,3666.75,12517
2022-10-03 12:35:44,7,6,3666.75,12523
2022-10-03 12:35:45,21,16,3667.0,12539
2022-10-03 12:35:46,110,-24,3667.0,12515
2022-10-03 12:35:47,28,-7,3666.5,12508
2022-10-03 12:35:48,24,-3,3666.25,12505
2022-10-03 12:35:49,54,-14,3666.25,12491
2022-10-03 12:35:50,148,-102,3665.75,12389
2022-10-03 12:35:51,119,-9,3665.5,12380
2022-10-03 12:35:52,81,-17,3665.75,12363
2022-10-03 12:35:53,15,-10,3665.5,12353
2022-10-03 12:35:54,36,-10,3665.5,12343
2022-10-03 12:35:55,90,2,3665.25,12345
2022-10-03 12:35:56,50,9,3665.0,12354
2022-10-03 12:35:57,77,-8,3665.25,12346
2022-10-03 12:35:58,31,-23,3665.0,12323
2022-10-03 12:35:59,17,-14,3664.5,12309
2022-10-03 12:36:00,100,-2,3664.75,12307
2022-10-03 12:36:01,62,2,3664.75,12309
2022-10-03 12:36:02,6,1,3664.75,12310
2022-10-03 12:36:03,15,0,3664.75,12310
2022-10-03 12:36:05,30,24,3665.0,12334
2022-10-03 12:36:06,17,9,3665.0,12343
2022-10-03 12:36:07,54,19,3665.25,12362
2022-10-03 12:36:08,44,5,3665.75,12367
2022-10-03 12:36:09,37,9,3665.75,12376
2022-10-03 12:36:10,122,48,3666.25,12424
2022-10-03 12:36:11,63,9,3666.5,12433
2022-10-03 12:36:12,49,7,3666.5,12440
2022-10-03 12:36:13,104,26,3666.75,12466
2022-10-03 12:36:15,100,27,3666.75,12493
2022-10-03 12:36:16,42,9,3667.0,12502
2022-10-03 12:36:17,44,-2,3666.75,12500
2022-10-03 12:36:18,6,-4,3666.5,12496
2022-10-03 12:36:19,38,-17,3666.5,12479
2022-10-03 12:36:20,9,-9,3666.25,12470
2022-10-03 12:36:21,33,-4,3665.75,12466
2022-10-03 12:36:22,23,-3,3665.75,12463
2022-10-03 12:36:23,5,0,3665.75,12463
2022-10-03 12:36:24,16,15,3666.0,12478
2022-10-03 12:36:25,57,21,3666.25,12499
2022-10-03 12:36:26,15,3,3666.25,12502
2022-10-03 12:36:27,46,8,3666.5,12510
2022-10-03 12:36:28,19,-6,3666.25,12504
2022-10-03 12:36:29,9,2,3666.25,12506
2022-10-03 12:36:30,76,-17,3666.25,12489
2022-10-03 12:36:31,23,-17,3666.0,12472
2022-10-03 12:36:32,1,1,3666.0,12473
2022-10-03 12:36:33,5,1,3666.0,12474
2022-10-03 12:36:35,46,-16,3666.0,12458
2022-10-03 12:36:36,45,26,3666.25,12484
2022-10-03 12:36:37,255,-22,3666.25,12462
2022-10-03 12:36:38,108,-63,3666.0,12399
2022-10-03 12:36:39,95,24,3666.0,12423
2022-10-03 12:36:40,61,3,3666.0,12426
2022-10-03 12:36:41,34,13,3666.25,12439
2022-10-03 12:36:42,32,22,3666.25,12461
2022-10-03 12:36:43,49,11,3666.5,12472
2022-10-03 12:36:44,55,-4,3666.25,12468
2022-10-03 12:36:45,35,13,3666.25,12481
2022-10-03 12:36:46,14,10,3666.25,12491
2022-10-03 12:36:47,38,-13,3666.25,12478
2022-10-03 12:36:48,103,-29,3666.0,12449
2022-10-03 12:36:49,31,-3,3666.0,12446
2022-10-03 12:36:50,30,0,3665.75,12446
2022-10-03 12:36:51,29,7,3665.75,12453
2022-10-03 12:36:52,72,0,3665.75,12453
2022-10-03 12:36:54,15,-10,3665.75,12443
2022-10-03 12:36:55,13,6,3665.75,12449
2022-10-03 12:36:56,18,-1,3665.75,12448
2022-10-03 12:36:57,21,9,3666.0,12457
2022-10-03 12:37:00,31,-3,3666.0,12454
2022-10-03 12:37:01,47,-33,3665.75,12421
2022-10-03 12:37:02,40,21,3666.0,12442
2022-10-03 12:37:04,4,2,3666.25,12444
2022-10-03 12:37:05,2,0,3666.25,12444
2022-10-03 12:37:06,97,-15,3666.25,12429
2022-10-03 12:37:07,1,-1,3665.5,12428
2022-10-03 12:37:08,92,-15,3665.5,12413
2022-10-03 12:37:09,153,61,3665.25,12474
2022-10-03 12:37:10,2,2,3665.25,12476
2022-10-03 12:37:11,36,-1,3665.25,12475
2022-10-03 12:37:12,38,-20,3665.25,12455
2022-10-03 12:37:13,112,-14,3665.25,12441
2022-10-03 12:37:14,17,-6,3665.25,12435
2022-10-03 12:37:15,62,-3,3665.25,12432
2022-10-03 12:37:16,2,-2,3665.0,12430
2022-10-03 12:37:17,8,-3,3665.0,12427
2022-10-03 12:37:18,1,1,3665.0,12428
2022-10-03 12:37:19,63,-6,3665.0,12422
2022-10-03 12:37:20,59,-11,3665.0,12411
2022-10-03 12:37:21,14,1,3665.0,12412
2022-10-03 12:37:22,23,-2,3665.0,12410
2022-10-03 12:37:23,3,1,3665.0,12411
2022-10-03 12:37:24,217,-5,3665.0,12406
2022-10-03 12:37:25,14,5,3664.25,12411
2022-10-03 12:37:26,47,1,3664.0,12412
2022-10-03 12:37:27,24,-2,3664.0,12410
2022-10-03 12:37:28,81,-4,3663.5,12406
2022-10-03 12:37:29,152,-42,3663.5,12364
2022-10-03 12:37:30,21,3,3663.5,12367
2022-10-03 12:37:31,257,-159,3663.5,12208
2022-10-03 12:37:32,109,-29,3662.75,12179
2022-10-03 12:37:33,101,6,3663.0,12185
2022-10-03 12:37:34,26,-9,3663.25,12176
2022-10-03 12:37:35,24,-9,3663.0,12167
2022-10-03 12:37:36,83,-3,3663.0,12164
2022-10-03 12:37:37,24,-10,3663.0,12154
2022-10-03 12:37:38,18,-8,3662.75,12146
2022-10-03 12:37:39,17,4,3663.25,12150
2022-10-03 12:37:40,28,-3,3663.25,12147
2022-10-03 12:37:41,29,9,3663.0,12156
2022-10-03 12:37:42,12,-9,3662.75,12147
2022-10-03 12:37:43,72,-2,3663.0,12145
2022-10-03 12:37:44,3,-2,3662.5,12143
2022-10-03 12:37:45,46,4,3663.0,12147
2022-10-03 12:37:46,34,-2,3663.0,12145
2022-10-03 12:37:47,28,-1,3663.0,12144
2022-10-03 12:37:49,160,-45,3663.0,12099
2022-10-03 12:37:50,6,1,3662.75,12100
2022-10-03 12:37:51,2,-2,3662.5,12098
2022-10-03 12:37:52,123,17,3663.0,12115
2022-10-03 12:37:53,33,-5,3662.5,12110
2022-10-03 12:37:54,85,-17,3662.5,12093
2022-10-03 12:37:55,23,1,3662.75,12094
2022-10-03 12:37:56,28,-4,3662.75,12090
2022-10-03 12:37:57,1,-1,3662.25,12089
2022-10-03 12:37:58,16,0,3662.5,12089
2022-10-03 12:37:59,20,5,3662.75,12094
2022-10-03 12:38:00,153,32,3663.0,12126
2022-10-03 12:38:01,105,-5,3663.0,12121
2022-10-03 12:38:02,17,12,3663.0,12133
2022-10-03 12:38:03,43,-14,3663.0,12119
2022-10-03 12:38:04,58,-24,3662.75,12095
2022-10-03 12:38:05,12,7,3662.5,12102
2022-10-03 12:38:06,37,22,3662.5,12124
2022-10-03 12:38:07,19,-8,3662.25,12116
2022-10-03 12:38:08,9,4,3662.25,12120
2022-10-03 12:38:09,24,5,3662.5,12125
2022-10-03 12:38:10,19,-7,3662.5,12118
2022-10-03 12:38:11,34,-23,3662.0,12095
2022-10-03 12:38:12,11,9,3662.0,12104
2022-10-03 12:38:13,21,9,3662.5,12113
2022-10-03 12:38:14,57,15,3662.75,12128
2022-10-03 12:38:15,20,-1,3662.75,12127
2022-10-03 12:38:16,16,-1,3663.0,12126
2022-10-03 12:38:17,2,2,3663.0,12128
2022-10-03 12:38:18,60,28,3663.25,12156
2022-10-03 12:38:19,58,27,3663.5,12183
2022-10-03 12:38:20,47,25,3663.75,12208
2022-10-03 12:38:21,80,3,3663.75,12211
2022-10-03 12:38:22,28,9,3663.75,12220
2022-10-03 12:38:23,31,-7,3663.5,12213
2022-10-03 12:38:24,25,-2,3663.5,12211
2022-10-03 12:38:25,40,20,3663.5,12231
2022-10-03 12:38:26,20,0,3663.75,12231
2022-10-03 12:38:27,1,-1,3663.5,12230
2022-10-03 12:38:28,18,4,3664.0,12234
2022-10-03 12:38:29,8,7,3664.0,12241
2022-10-03 12:38:30,49,0,3664.0,12241
2022-10-03 12:38:31,62,22,3664.0,12263
2022-10-03 12:38:32,43,-10,3664.0,12253
2022-10-03 12:38:33,31,3,3663.75,12256
2022-10-03 12:38:34,23,3,3664.0,12259
2022-10-03 12:38:35,53,24,3664.75,12283
2022-10-03 12:38:36,72,-2,3664.75,12281
2022-10-03 12:38:37,17,4,3664.75,12285
2022-10-03 12:38:38,5,4,3664.75,12289
2022-10-03 12:38:39,43,17,3665.0,12306
2022-10-03 12:38:40,7,5,3665.0,12311
2022-10-03 12:38:41,1,-1,3664.75,12310
2022-10-03 12:38:42,50,-5,3664.75,12305
2022-10-03 12:38:43,21,-6,3664.75,12299
2022-10-03 12:38:44,23,2,3664.75,12301
2022-10-03 12:38:45,11,2,3664.75,12303
2022-10-03 12:38:46,19,-6,3664.75,12297
2022-10-03 12:38:47,16,5,3664.75,12302
2022-10-03 12:38:48,13,-2,3664.75,12300
2022-10-03 12:38:49,37,2,3665.0,12302
2022-10-03 12:38:51,30,-9,3664.75,12293
2022-10-03 12:38:52,75,3,3665.0,12296
2022-10-03 12:38:53,9,7,3665.25,12303
2022-10-03 12:38:54,16,5,3665.25,12308
2022-10-03 12:38:55,33,-6,3665.0,12302
2022-10-03 12:38:56,52,9,3665.0,12311
2022-10-03 12:38:57,8,4,3665.0,12315
2022-10-03 12:38:58,2,2,3665.25,12317
2022-10-03 12:39:00,67,23,3665.25,12340
2022-10-03 12:39:02,60,0,3665.5,12340
2022-10-03 12:39:03,3,3,3665.5,12343
2022-10-03 12:39:04,36,8,3665.75,12351
2022-10-03 12:39:05,40,-11,3665.75,12340
2022-10-03 12:39:06,98,17,3666.0,12357
2022-10-03 12:39:07,82,28,3666.0,12385
2022-10-03 12:39:08,27,12,3666.0,12397
2022-10-03 12:39:09,107,20,3666.75,12417
2022-10-03 12:39:10,49,-3,3666.25,12414
2022-10-03 12:39:11,32,0,3666.25,12414
2022-10-03 12:39:12,25,4,3666.5,12418
2022-10-03 12:39:13,4,3,3666.5,12421
2022-10-03 12:39:14,25,-4,3666.25,12417
2022-10-03 12:39:15,26,-7,3666.5,12410
2022-10-03 12:39:16,33,-14,3666.5,12396
2022-10-03 12:39:17,48,6,3666.25,12402
2022-10-03 12:39:18,11,-1,3666.25,12401
2022-10-03 12:39:19,109,16,3667.0,12417
2022-10-03 12:39:20,54,-1,3667.25,12416
2022-10-03 12:39:21,2,2,3666.75,12418
2022-10-03 12:39:23,128,94,3667.25,12512
2022-10-03 12:39:24,10,6,3667.25,12518
2022-10-03 12:39:25,29,2,3667.25,12520
2022-10-03 12:39:26,54,19,3667.5,12539
2022-10-03 12:39:27,49,-1,3667.25,12538
2022-10-03 12:39:28,30,-6,3667.0,12532
2022-10-03 12:39:29,2,0,3667.0,12532
2022-10-03 12:39:30,97,-38,3667.0,12494
2022-10-03 12:39:31,3,2,3666.75,12496
2022-10-03 12:39:32,7,3,3666.75,12499
2022-10-03 12:39:33,6,-4,3667.0,12495
2022-10-03 12:39:34,14,-2,3666.75,12493
2022-10-03 12:39:35,65,5,3667.0,12498
2022-10-03 12:39:36,3,1,3667.0,12499
2022-10-03 12:39:37,12,0,3666.75,12499
2022-10-03 12:39:38,4,-4,3666.75,12495
2022-10-03 12:39:39,3,-3,3666.75,12492
2022-10-03 12:39:40,15,-5,3666.75,12487
2022-10-03 12:39:41,28,23,3667.0,12510
2022-10-03 12:39:42,13,-6,3667.0,12504
2022-10-03 12:39:44,27,-1,3666.75,12503
2022-10-03 12:39:45,5,-3,3666.5,12500
2022-10-03 12:39:46,15,3,3666.5,12503
2022-10-03 12:39:47,35,-4,3666.75,12499
2022-10-03 12:39:48,8,8,3666.75,12507
2022-10-03 12:39:49,2,-2,3666.5,12505
2022-10-03 12:39:50,37,-4,3666.75,12501
2022-10-03 12:39:51,19,15,3666.75,12516
2022-10-03 12:39:52,26,-11,3667.0,12505
2022-10-03 12:39:53,47,-16,3666.75,12489
2022-10-03 12:39:54,20,7,3666.75,12496
2022-10-03 12:39:55,9,1,3666.5,12497
2022-10-03 12:39:56,14,-8,3666.5,12489
2022-10-03 12:39:57,28,14,3666.75,12503
2022-10-03 12:39:58,14,-4,3667.0,12499
2022-10-03 12:39:59,14,5,3667.0,12504
2022-10-03 12:40:00,32,-13,3667.0,12491
2022-10-03 12:40:01,353,3,3667.0,12494
2022-10-03 12:40:02,104,-35,3667.0,12459
2022-10-03 12:40:04,86,10,3667.0,12469
2022-10-03 12:40:06,15,8,3667.0,12477
2022-10-03 12:40:07,27,11,3667.25,12488
2022-10-03 12:40:08,164,61,3667.25,12549
2022-10-03 12:40:09,124,-28,3667.0,12521
2022-10-03 12:40:10,184,-108,3667.0,12413
2022-10-03 12:40:11,83,-14,3666.75,12399
2022-10-03 12:40:12,86,66,3666.75,12465
2022-10-03 12:40:13,46,3,3666.75,12468
2022-10-03 12:40:14,103,28,3666.75,12496
2022-10-03 12:40:15,52,21,3667.0,12517
2022-10-03 12:40:16,12,6,3667.25,12523
2022-10-03 12:40:17,108,84,3667.5,12607
2022-10-03 12:40:18,34,-14,3667.25,12593
2022-10-03 12:40:19,15,0,3667.5,12593
2022-10-03 12:40:20,37,-18,3667.25,12575
2022-10-03 12:40:21,16,-10,3667.0,12565
2022-10-03 12:40:22,18,-8,3666.75,12557
2022-10-03 12:40:23,59,5,3666.75,12562
2022-10-03 12:40:25,82,-6,3666.5,12556
2022-10-03 12:40:26,44,11,3666.75,12567
2022-10-03 12:40:27,125,45,3667.0,12612
2022-10-03 12:40:28,1,-1,3667.0,12611
2022-10-03 12:40:29,118,-53,3667.0,12558
2022-10-03 12:40:30,1,-1,3667.0,12557
2022-10-03 12:40:31,45,-8,3667.0,12549
2022-10-03 12:40:32,129,53,3667.5,12602
2022-10-03 12:40:33,4,-1,3667.5,12601
2022-10-03 12:40:34,8,3,3667.5,12604
2022-10-03 12:40:35,80,21,3667.75,12625
2022-10-03 12:40:36,5,4,3667.75,12629
2022-10-03 12:40:37,38,30,3668.0,12659
2022-10-03 12:40:38,143,25,3668.0,12684
2022-10-03 12:40:39,68,2,3667.75,12686
2022-10-03 12:40:40,60,-22,3667.5,12664
2022-10-03 12:40:41,51,-26,3667.5,12638
2022-10-03 12:40:42,13,-9,3667.5,12629
2022-10-03 12:40:44,27,2,3667.5,12631
2022-10-03 12:40:45,19,13,3667.25,12644
2022-10-03 12:40:46,34,21,3667.25,12665
2022-10-03 12:40:50,88,28,3667.5,12693
2022-10-03 12:40:52,138,37,3668.0,12730
2022-10-03 12:40:53,32,11,3668.0,12741
2022-10-03 12:40:55,4,2,3667.75,12743
2022-10-03 12:40:56,53,7,3668.25,12750
2022-10-03 12:40:57,5,2,3668.25,12752
2022-10-03 12:40:58,21,-1,3668.25,12751
2022-10-03 12:40:59,31,21,3668.25,12772
2022-10-03 12:41:00,45,5,3668.25,12777
2022-10-03 12:41:01,21,-10,3668.25,12767
2022-10-03 12:41:02,1,1,3668.0,12768
2022-10-03 12:41:03,2,0,3668.0,12768
2022-10-03 12:41:05,25,15,3668.25,12783
2022-10-03 12:41:06,18,0,3668.25,12783
2022-10-03 12:41:07,13,-3,3668.0,12780
2022-10-03 12:41:08,25,-2,3668.0,12778
2022-10-03 12:41:09,1,1,3667.75,12779
2022-10-03 12:41:10,190,-39,3667.75,12740
2022-10-03 12:41:11,46,-7,3667.75,12733
2022-10-03 12:41:12,36,16,3667.75,12749
2022-10-03 12:41:13,2,0,3667.75,12749
2022-10-03 12:41:14,23,-15,3667.75,12734
2022-10-03 12:41:15,1,1,3667.75,12735
2022-10-03 12:41:16,4,1,3667.75,12736
2022-10-03 12:41:17,114,-31,3667.5,12705
2022-10-03 12:41:18,7,-7,3667.25,12698
2022-10-03 12:41:19,24,2,3667.5,12700
2022-10-03 12:41:20,63,17,3667.75,12717
2022-10-03 12:41:21,54,-9,3668.0,12708
2022-10-03 12:41:22,116,-22,3668.0,12686
2022-10-03 12:41:23,6,-2,3667.75,12684
2022-10-03 12:41:24,2,2,3668.0,12686
2022-10-03 12:41:25,1,1,3668.0,12687
2022-10-03 12:41:27,2,0,3668.0,12687
2022-10-03 12:41:28,2,0,3668.0,12687
2022-10-03 12:41:29,2,2,3668.0,12689
2022-10-03 12:41:30,1,-1,3667.75,12688
2022-10-03 12:41:31,79,-34,3667.75,12654
2022-10-03 12:41:32,36,-6,3667.5,12648
2022-10-03 12:41:33,1,-1,3667.5,12647
2022-10-03 12:41:34,129,10,3667.5,12657
2022-10-03 12:41:35,3,-2,3667.25,12655
2022-10-03 12:41:36,80,-21,3667.25,12634
2022-10-03 12:41:37,117,38,3667.25,12672
2022-10-03 12:41:38,81,12,3667.5,12684
2022-10-03 12:41:39,154,-68,3667.5,12616
2022-10-03 12:41:40,4,3,3667.25,12619
2022-10-03 12:41:41,32,-8,3667.25,12611
2022-10-03 12:41:42,15,-12,3667.5,12599
2022-10-03 12:41:43,1,1,3667.25,12600
2022-10-03 12:41:44,7,2,3667.5,12602
2022-10-03 12:41:45,38,-14,3667.25,12588
2022-10-03 12:41:47,16,11,3667.25,12599
2022-10-03 12:41:48,67,-1,3667.5,12598
2022-10-03 12:41:50,43,-10,3667.25,12588
2022-10-03 12:41:51,5,-2,3667.25,12586
2022-10-03 12:41:52,45,-17,3667.5,12569
2022-10-03 12:41:53,36,6,3667.5,12575
2022-10-03 12:41:54,3,-3,3667.5,12572
2022-10-03 12:41:55,19,5,3667.5,12577
2022-10-03 12:41:56,3,1,3667.5,12578
2022-10-03 12:41:57,26,-6,3667.25,12572
2022-10-03 12:41:58,31,-19,3667.0,12553
2022-10-03 12:41:59,14,11,3667.25,12564
2022-10-03 12:42:00,42,-38,3667.25,12526
2022-10-03 12:42:01,20,5,3667.0,12531
2022-10-03 12:42:02,37,4,3667.0,12535
2022-10-03 12:42:03,21,-13,3667.25,12522
2022-10-03 12:42:04,20,5,3667.0,12527
2022-10-03 12:42:05,71,-7,3667.0,12520
2022-10-03 12:42:06,11,-10,3667.0,12510
2022-10-03 12:42:07,69,-24,3666.75,12486
2022-10-03 12:42:08,208,-9,3666.75,12477
2022-10-03 12:42:09,35,9,3666.5,12486
2022-10-03 12:42:10,56,-2,3666.25,12484
2022-10-03 12:42:11,60,-28,3666.25,12456
2022-10-03 12:42:12,52,-14,3666.0,12442
2022-10-03 12:42:13,7,-7,3665.75,12435
2022-10-03 12:42:14,32,8,3666.0,12443
2022-10-03 12:42:15,52,2,3666.0,12445
2022-10-03 12:42:16,58,11,3666.0,12456
2022-10-03 12:42:17,13,-11,3665.75,12445
2022-10-03 12:42:18,32,-7,3666.0,12438
2022-10-03 12:42:19,28,-3,3666.0,12435
2022-10-03 12:42:20,24,12,3666.0,12447
2022-10-03 12:42:21,50,19,3666.25,12466
2022-10-03 12:42:22,2,2,3666.5,12468
2022-10-03 12:42:24,19,-14,3666.25,12454
2022-10-03 12:42:25,5,-4,3666.0,12450
2022-10-03 12:42:26,11,-7,3666.0,12443
2022-10-03 12:42:27,12,-7,3665.75,12436
2022-10-03 12:42:28,23,13,3666.0,12449
2022-10-03 12:42:29,44,-1,3666.0,12448
2022-10-03 12:42:30,20,1,3666.25,12449
2022-10-03 12:42:31,2,0,3666.25,12449
2022-10-03 12:42:32,46,-14,3666.25,12435
2022-10-03 12:42:33,5,3,3666.25,12438
2022-10-03 12:42:34,14,-5,3666.25,12433
2022-10-03 12:42:35,33,0,3666.0,12433
2022-10-03 12:42:36,4,2,3666.0,12435
2022-10-03 12:42:37,34,7,3666.0,12442
2022-10-03 12:42:38,1,1,3666.0,12443
2022-10-03 12:42:39,26,-6,3665.75,12437
2022-10-03 12:42:40,33,9,3666.0,12446
2022-10-03 12:42:41,23,-2,3665.75,12444
2022-10-03 12:42:42,12,7,3665.75,12451
2022-10-03 12:42:43,36,-8,3665.5,12443
2022-10-03 12:42:44,88,-18,3665.5,12425
2022-10-03 12:42:45,126,-34,3665.0,12391
2022-10-03 12:42:46,122,-30,3665.25,12361
2022-10-03 12:42:47,76,-11,3664.75,12350
2022-10-03 12:42:48,43,4,3665.0,12354
2022-10-03 12:42:49,44,3,3665.0,12357
2022-10-03 12:42:50,15,-1,3665.25,12356
2022-10-03 12:42:51,40,-2,3665.0,12354
2022-10-03 12:42:52,18,3,3665.0,12357
2022-10-03 12:42:53,19,2,3664.75,12359
2022-10-03 12:42:54,39,-1,3664.75,12358
2022-10-03 12:42:55,60,32,3665.25,12390
2022-10-03 12:42:56,14,10,3665.5,12400
2022-10-03 12:42:57,7,1,3665.5,12401
2022-10-03 12:42:58,46,2,3665.75,12403
2022-10-03 12:42:59,29,-7,3665.5,12396
2022-10-03 12:43:00,46,-26,3665.75,12370
2022-10-03 12:43:01,45,-18,3665.75,12352
2022-10-03 12:43:02,14,-1,3665.75,12351
2022-10-03 12:43:03,6,-2,3665.75,12349
2022-10-03 12:43:04,57,15,3666.25,12364
2022-10-03 12:43:05,32,11,3666.0,12375
2022-10-03 12:43:06,29,2,3665.75,12377
2022-10-03 12:43:07,3,-1,3665.75,12376
2022-10-03 12:43:08,33,12,3665.75,12388
2022-10-03 12:43:09,7,3,3666.0,12391
2022-10-03 12:43:10,21,10,3665.75,12401
2022-10-03 12:43:11,5,3,3665.75,12404
2022-10-03 12:43:12,6,-2,3666.0,12402
2022-10-03 12:43:13,86,9,3666.25,12411
2022-10-03 12:43:14,7,1,3666.0,12412
2022-10-03 12:43:15,31,-2,3665.75,12410
2022-10-03 12:43:16,20,-7,3665.5,12403
2022-10-03 12:43:17,4,0,3665.75,12403
2022-10-03 12:43:18,38,-10,3665.25,12393
2022-10-03 12:43:19,41,3,3665.25,12396
2022-10-03 12:43:20,24,-3,3665.25,12393
2022-10-03 12:43:21,28,-14,3665.25,12379
2022-10-03 12:43:22,26,-1,3665.0,12378
2022-10-03 12:43:23,14,-4,3664.75,12374
2022-10-03 12:43:24,2,-2,3664.75,12372
2022-10-03 12:43:25,29,-23,3664.75,12349
2022-10-03 12:43:26,4,0,3664.75,12349
2022-10-03 12:43:27,1,1,3664.75,12350
2022-10-03 12:43:28,2,-2,3664.5,12348
2022-10-03 12:43:29,67,-34,3664.5,12314
2022-10-03 12:43:30,2,-2,3664.5,12312
2022-10-03 12:43:31,15,-7,3664.5,12305
2022-10-03 12:43:32,13,-10,3664.5,12295
2022-10-03 12:43:33,1,-1,3664.25,12294
2022-10-03 12:43:34,1,-1,3664.25,12293
2022-10-03 12:43:35,42,4,3664.5,12297
2022-10-03 12:43:36,22,6,3664.75,12303
2022-10-03 12:43:37,1,1,3664.75,12304
2022-10-03 12:43:38,45,14,3664.5,12318
2022-10-03 12:43:39,20,7,3664.75,12325
2022-10-03 12:43:40,23,13,3665.25,12338
2022-10-03 12:43:41,16,-1,3665.0,12337
2022-10-03 12:43:42,8,7,3665.25,12344
2022-10-03 12:43:43,16,9,3665.75,12353
2022-10-03 12:43:44,86,17,3666.0,12370
2022-10-03 12:43:45,96,-9,3666.25,12361
2022-10-03 12:43:46,39,3,3666.25,12364
2022-10-03 12:43:47,26,-6,3666.25,12358
2022-10-03 12:43:48,15,-8,3665.75,12350
2022-10-03 12:43:49,31,3,3665.75,12353
2022-10-03 12:43:50,19,0,3665.5,12353
2022-10-03 12:43:51,20,6,3665.5,12359
2022-10-03 12:43:52,14,13,3666.0,12372
2022-10-03 12:43:53,18,2,3666.0,12374
2022-10-03 12:43:55,19,4,3666.0,12378
2022-10-03 12:43:56,58,22,3666.5,12400
2022-10-03 12:43:57,26,-3,3666.25,12397
2022-10-03 12:43:58,25,20,3666.25,12417
2022-10-03 12:43:59,1,1,3666.25,12418
2022-10-03 12:44:00,42,17,3666.25,12435
2022-10-03 12:44:01,98,-7,3666.5,12428
2022-10-03 12:44:02,4,0,3666.5,12428
2022-10-03 12:44:03,38,-16,3666.5,12412
2022-10-03 12:44:04,25,-4,3666.0,12408
2022-10-03 12:44:05,56,-12,3666.0,12396
2022-10-03 12:44:06,7,7,3665.5,12403
2022-10-03 12:44:08,13,15,3666.0,12418
2022-10-03 12:44:09,18,-2,3665.75,12416
2022-10-03 12:44:10,20,18,3666.25,12434
2022-10-03 12:44:11,10,-6,3666.0,12428
2022-10-03 12:44:12,35,-9,3666.0,12419
2022-10-03 12:44:13,27,-19,3665.75,12400
2022-10-03 12:44:14,51,5,3666.0,12405
2022-10-03 12:44:15,13,5,3666.0,12410
2022-10-03 12:44:16,67,-22,3666.0,12388
2022-10-03 12:44:17,98,29,3666.25,12417
2022-10-03 12:44:18,48,20,3666.5,12437
2022-10-03 12:44:19,14,-6,3666.5,12431
2022-10-03 12:44:20,146,-79,3666.25,12352
2022-10-03 12:44:21,10,-6,3666.5,12346
2022-10-03 12:44:23,66,70,3666.75,12416
2022-10-03 12:44:24,8,-6,3666.5,12410
2022-10-03 12:44:25,4,-2,3666.5,12408
2022-10-03 12:44:26,92,-16,3666.5,12392
2022-10-03 12:44:27,57,18,3666.0,12410
2022-10-03 12:44:28,40,6,3666.0,12416
2022-10-03 12:44:29,1,1,3666.0,12417
2022-10-03 12:44:30,72,-16,3665.75,12401
2022-10-03 12:44:31,10,0,3665.5,12401
2022-10-03 12:44:32,16,2,3665.5,12403
2022-10-03 12:44:33,5,3,3665.75,12406
2022-10-03 12:44:34,38,11,3665.75,12417
2022-10-03 12:44:35,45,3,3666.0,12420
2022-10-03 12:44:36,8,-8,3666.0,12412
2022-10-03 12:44:37,17,15,3666.25,12427
2022-10-03 12:44:38,3,2,3666.25,12429
2022-10-03 12:44:39,32,-3,3666.0,12426
2022-10-03 12:44:40,18,-3,3666.0,12423
2022-10-03 12:44:41,4,1,3666.25,12424
2022-10-03 12:44:42,52,16,3666.5,12440
2022-10-03 12:44:43,41,-12,3666.5,12428
2022-10-03 12:44:44,3,-1,3666.5,12427
2022-10-03 12:44:46,80,15,3666.75,12442
2022-10-03 12:44:47,48,13,3666.75,12455
2022-10-03 12:44:48,9,-3,3666.5,12452
2022-10-03 12:44:49,128,32,3666.25,12484
2022-10-03 12:44:50,37,1,3666.25,12485
2022-10-03 12:44:51,25,-3,3666.25,12482
2022-10-03 12:44:52,61,-13,3666.5,12469
2022-10-03 12:44:53,49,-9,3666.5,12460
2022-10-03 12:44:55,20,-5,3666.5,12455
2022-10-03 12:44:56,39,8,3666.5,12463
2022-10-03 12:44:58,111,-43,3666.5,12420
2022-10-03 12:44:59,29,15,3666.75,12435
2022-10-03 12:45:00,86,23,3667.0,12458
2022-10-03 12:45:01,51,-14,3666.75,12444
2022-10-03 12:45:02,20,-6,3666.5,12438
2022-10-03 12:45:03,30,5,3666.5,12443
2022-10-03 12:45:04,16,-2,3666.5,12441
2022-10-03 12:45:05,51,-11,3666.5,12430
2022-10-03 12:45:06,14,-9,3666.5,12421
2022-10-03 12:45:07,32,15,3666.25,12436
2022-10-03 12:45:08,2,2,3666.5,12438
2022-10-03 12:45:09,34,-9,3666.25,12429
2022-10-03 12:45:10,42,0,3666.5,12429
2022-10-03 12:45:11,62,29,3667.0,12458
2022-10-03 12:45:12,46,13,3667.0,12471
2022-10-03 12:45:13,6,1,3667.0,12472
2022-10-03 12:45:14,162,-2,3667.25,12470
2022-10-03 12:45:15,66,2,3666.75,12472
2022-10-03 12:45:16,10,-6,3666.25,12466
2022-10-03 12:45:17,38,-10,3666.25,12456
2022-10-03 12:45:18,70,-19,3666.0,12437
2022-10-03 12:45:19,1,-1,3665.5,12436
2022-10-03 12:45:21,75,-2,3665.75,12434
2022-10-03 12:45:22,53,-16,3665.25,12418
2022-10-03 12:45:23,47,3,3664.75,12421
2022-10-03 12:45:24,36,19,3665.0,12440
2022-10-03 12:45:25,19,-1,3665.0,12439
2022-10-03 12:45:26,11,-2,3665.0,12437
2022-10-03 12:45:27,45,3,3665.0,12440
2022-10-03 12:45:28,10,1,3665.25,12441
2022-10-03 12:45:29,1,-1,3665.0,12440
2022-10-03 12:45:30,56,-23,3664.75,12417
2022-10-03 12:45:31,28,-19,3665.0,12398
2022-10-03 12:45:32,8,0,3665.0,12398
2022-10-03 12:45:33,20,-4,3665.25,12394
2022-10-03 12:45:34,11,-6,3665.0,12388
2022-10-03 12:45:35,11,-6,3665.0,12382
2022-10-03 12:45:36,10,-6,3665.0,12376
2022-10-03 12:45:37,45,-17,3665.25,12359
2022-10-03 12:45:38,8,-7,3665.0,12352
2022-10-03 12:45:39,31,-4,3664.75,12348
2022-10-03 12:45:40,2,-1,3664.75,12347
2022-10-03 12:45:41,28,8,3665.0,12355
2022-10-03 12:45:43,9,-3,3665.0,12352
2022-10-03 12:45:44,6,6,3665.0,12358
2022-10-03 12:45:45,54,15,3665.5,12373
2022-10-03 12:45:47,53,-16,3665.5,12357
2022-10-03 12:45:48,13,-6,3665.25,12351
2022-10-03 12:45:49,5,-2,3665.25,12349
2022-10-03 12:45:50,32,-4,3665.0,12345
2022-10-03 12:45:51,9,0,3665.0,12345
2022-10-03 12:45:52,1,1,3665.25,12346
2022-10-03 12:45:53,13,1,3665.0,12347
2022-10-03 12:45:54,42,8,3665.0,12355
2022-10-03 12:45:55,20,-9,3664.75,12346
2022-10-03 12:45:56,8,3,3664.75,12349
2022-10-03 12:45:57,2,2,3665.0,12351
2022-10-03 12:45:58,20,-12,3665.0,12339
2022-10-03 12:45:59,42,25,3665.0,12364
2022-10-03 12:46:00,31,7,3665.0,12371
2022-10-03 12:46:01,22,-5,3665.25,12366
2022-10-03 12:46:02,2,2,3665.25,12368
2022-10-03 12:46:03,12,-4,3665.25,12364
2022-10-03 12:46:04,44,12,3665.5,12376
2022-10-03 12:46:05,11,3,3665.5,12379
2022-10-03 12:46:06,1,-1,3665.5,12378
2022-10-03 12:46:07,38,-3,3665.5,12375
2022-10-03 12:46:08,29,-9,3665.5,12366
2022-10-03 12:46:09,32,17,3666.0,12383
2022-10-03 12:46:10,6,4,3665.75,12387
2022-10-03 12:46:11,7,3,3665.75,12390
2022-10-03 12:46:12,9,-8,3665.5,12382
2022-10-03 12:46:13,12,-2,3665.25,12380
2022-10-03 12:46:14,14,7,3665.5,12387
2022-10-03 12:46:15,42,-14,3665.5,12373
2022-10-03 12:46:16,12,5,3665.25,12378
2022-10-03 12:46:18,12,2,3665.25,12380
2022-10-03 12:46:19,4,2,3665.25,12382
2022-10-03 12:46:20,23,-8,3665.25,12374
2022-10-03 12:46:21,18,10,3665.25,12384
2022-10-03 12:46:22,13,4,3665.0,12388
2022-10-03 12:46:23,31,-11,3665.0,12377
2022-10-03 12:46:24,11,-6,3665.0,12371
2022-10-03 12:46:25,1,1,3665.0,12372
2022-10-03 12:46:27,33,7,3665.25,12379
2022-10-03 12:46:28,10,1,3665.5,12380
2022-10-03 12:46:29,4,-1,3665.5,12379
2022-10-03 12:46:31,60,24,3666.25,12403
2022-10-03 12:46:32,23,-4,3666.0,12399
2022-10-03 12:46:34,17,13,3666.25,12412
2022-10-03 12:46:35,37,19,3666.75,12431
2022-10-03 12:46:36,140,0,3667.5,12431
2022-10-03 12:46:37,35,2,3667.25,12433
2022-10-03 12:46:38,33,14,3667.0,12447
2022-10-03 12:46:39,36,-4,3667.25,12443
2022-10-03 12:46:40,28,18,3667.0,12461
2022-10-03 12:46:41,29,0,3667.0,12461
2022-10-03 12:46:42,2,2,3667.0,12463
2022-10-03 12:46:43,31,7,3667.0,12470
2022-10-03 12:46:44,35,-4,3667.25,12466
2022-10-03 12:46:45,41,21,3667.75,12487
2022-10-03 12:46:46,32,-5,3667.75,12482
2022-10-03 12:46:47,53,-1,3667.75,12481
2022-10-03 12:46:48,10,4,3667.75,12485
2022-10-03 12:46:49,8,4,3667.75,12489
2022-10-03 12:46:50,34,5,3667.5,12494
2022-10-03 12:46:51,6,4,3667.75,12498
2022-10-03 12:46:52,8,7,3667.75,12505
2022-10-03 12:46:53,20,8,3667.75,12513
2022-10-03 12:46:54,26,1,3667.75,12514
2022-10-03 12:46:55,21,-10,3667.5,12504
2022-10-03 12:46:56,22,-12,3667.0,12492
2022-10-03 12:46:57,24,10,3667.0,12502
2022-10-03 12:46:58,34,-8,3667.0,12494
2022-10-03 12:46:59,21,12,3667.0,12506
2022-10-03 12:47:01,4,-2,3667.25,12504
2022-10-03 12:47:02,30,-1,3667.25,12503
2022-10-03 12:47:03,25,-5,3667.25,12498
2022-10-03 12:47:04,18,-1,3667.0,12497
2022-10-03 12:47:05,40,-13,3667.0,12484
2022-10-03 12:47:06,39,6,3666.75,12490
2022-10-03 12:47:07,29,-5,3666.75,12485
2022-10-03 12:47:08,16,2,3666.75,12487
2022-10-03 12:47:09,29,-3,3666.75,12484
2022-10-03 12:47:10,7,-6,3666.5,12478
2022-10-03 12:47:11,44,-18,3666.5,12460
2022-10-03 12:47:12,66,29,3666.25,12489
2022-10-03 12:47:13,32,3,3666.5,12492
2022-10-03 12:47:14,3,2,3666.5,12494
2022-10-03 12:47:15,22,-1,3666.75,12493
2022-10-03 12:47:16,112,18,3667.0,12511
2022-10-03 12:47:17,29,20,3667.25,12531
2022-10-03 12:47:18,12,-3,3667.25,12528
2022-10-03 12:47:19,48,-1,3667.0,12527
2022-10-03 12:47:20,7,11,3667.5,12538
2022-10-03 12:47:21,24,-5,3667.5,12533
2022-10-03 12:47:22,13,5,3667.0,12538
2022-10-03 12:47:23,15,-4,3667.0,12534
2022-10-03 12:47:24,19,-3,3666.75,12531
2022-10-03 12:47:25,11,-6,3666.5,12525
2022-10-03 12:47:26,44,-10,3666.5,12515
2022-10-03 12:47:27,82,-69,3666.5,12446
2022-10-03 12:47:28,56,-2,3665.5,12444
2022-10-03 12:47:29,62,10,3665.25,12454
2022-10-03 12:47:30,15,5,3665.25,12459
2022-10-03 12:47:31,66,5,3665.0,12464
2022-10-03 12:47:32,55,14,3665.25,12478
2022-10-03 12:47:33,9,5,3665.25,12483
2022-10-03 12:47:34,22,-8,3665.0,12475
2022-10-03 12:47:35,1,1,3665.0,12476
2022-10-03 12:47:36,37,1,3665.0,12477
2022-10-03 12:47:37,8,-6,3664.75,12471
2022-10-03 12:47:38,1,-1,3664.75,12470
2022-10-03 12:47:39,8,0,3665.0,12470
2022-10-03 12:47:40,23,17,3665.25,12487
2022-10-03 12:47:41,18,2,3665.25,12489
2022-10-03 12:47:42,14,-2,3665.5,12487
2022-10-03 12:47:43,56,-17,3665.25,12470
2022-10-03 12:47:44,55,-8,3664.75,12462
2022-10-03 12:47:45,98,-8,3664.75,12454
2022-10-03 12:47:46,151,-35,3664.75,12419
2022-10-03 12:47:47,150,89,3665.25,12508
2022-10-03 12:47:48,35,2,3665.5,12510
2022-10-03 12:47:49,34,6,3665.25,12516
2022-10-03 12:47:50,30,4,3665.5,12520
2022-10-03 12:47:51,60,-14,3665.75,12506
2022-10-03 12:47:52,50,9,3665.75,12515
2022-10-03 12:47:53,44,8,3666.0,12523
2022-10-03 12:47:54,2,0,3666.25,12523
2022-10-03 12:47:55,56,17,3666.5,12540
2022-10-03 12:47:56,3,2,3666.5,12542
2022-10-03 12:47:57,6,5,3666.5,12547
2022-10-03 12:47:58,38,-11,3666.5,12536
2022-10-03 12:47:59,10,-5,3666.25,12531
2022-10-03 12:48:00,26,-11,3666.25,12520
2022-10-03 12:48:01,9,-1,3666.0,12519
2022-10-03 12:48:02,27,10,3666.0,12529
2022-10-03 12:48:03,9,-7,3665.75,12522
2022-10-03 12:48:04,21,-1,3665.75,12521
2022-10-03 12:48:05,60,-53,3666.0,12468
2022-10-03 12:48:06,36,-5,3665.75,12463
2022-10-03 12:48:07,9,9,3665.75,12472
2022-10-03 12:48:08,23,17,3666.0,12489
2022-10-03 12:48:09,17,3,3666.0,12492
2022-10-03 12:48:10,23,-14,3665.5,12478
2022-10-03 12:48:11,2,-2,3665.5,12476
2022-10-03 12:48:12,17,13,3665.75,12489
2022-10-03 12:48:13,2,2,3666.0,12491
2022-10-03 12:48:14,49,-17,3666.0,12474
2022-10-03 12:48:15,26,-1,3665.75,12473
2022-10-03 12:48:16,41,-5,3666.0,12468
2022-10-03 12:48:17,6,6,3665.75,12474
2022-10-03 12:48:18,23,1,3666.0,12475
2022-10-03 12:48:19,30,6,3666.25,12481
2022-10-03 12:48:20,16,-2,3666.5,12479
2022-10-03 12:48:22,12,4,3666.5,12483
2022-10-03 12:48:23,10,1,3666.5,12484
2022-10-03 12:48:24,16,-7,3666.5,12477
2022-10-03 12:48:25,20,7,3666.75,12484
2022-10-03 12:48:26,23,22,3667.25,12506
2022-10-03 12:48:27,14,-5,3667.0,12501
2022-10-03 12:48:28,28,23,3667.0,12524
2022-10-03 12:48:29,38,4,3667.25,12528
2022-10-03 12:48:30,1,1,3667.25,12529
2022-10-03 12:48:31,17,6,3667.25,12535
2022-10-03 12:48:32,27,8,3667.25,12543
2022-10-03 12:48:33,10,-3,3667.25,12540
2022-10-03 12:48:34,23,-8,3667.25,12532
2022-10-03 12:48:35,20,1,3667.25,12533
2022-10-03 12:48:36,10,5,3667.25,12538
2022-10-03 12:48:37,43,33,3667.5,12571
2022-10-03 12:48:38,71,-18,3667.5,12553
2022-10-03 12:48:39,18,3,3667.25,12556
2022-10-03 12:48:40,51,-16,3667.0,12540
2022-10-03 12:48:41,40,-5,3666.75,12535
2022-10-03 12:48:42,17,3,3666.75,12538
2022-10-03 12:48:43,4,4,3667.0,12542
2022-10-03 12:48:44,7,5,3667.0,12547
2022-10-03 12:48:45,1,-1,3667.0,12546
2022-10-03 12:48:46,30,-5,3666.75,12541
2022-10-03 12:48:47,18,9,3667.0,12550
2022-10-03 12:48:48,29,-1,3667.0,12549
2022-10-03 12:48:50,8,6,3666.75,12555
2022-10-03 12:48:52,58,-24,3666.75,12531
2022-10-03 12:48:53,8,2,3666.75,12533
2022-10-03 12:48:54,7,-7,3666.75,12526
2022-10-03 12:48:55,7,0,3666.5,12526
2022-10-03 12:48:57,19,-9,3666.5,12517
2022-10-03 12:48:58,50,8,3666.25,12525
2022-10-03 12:49:00,67,-15,3666.0,12510
2022-10-03 12:49:01,27,0,3666.25,12510
2022-10-03 12:49:02,8,-3,3666.5,12507
2022-10-03 12:49:03,1,-1,3666.25,12506
2022-10-03 12:49:04,30,3,3666.5,12509
2022-10-03 12:49:05,18,10,3666.75,12519
2022-10-03 12:49:08,34,-9,3666.0,12510
2022-10-03 12:49:09,23,-6,3666.25,12504
2022-10-03 12:49:10,76,-15,3666.25,12489
2022-10-03 12:49:11,22,-1,3666.25,12488
2022-10-03 12:49:12,10,2,3666.25,12490
2022-10-03 12:49:13,4,-2,3666.25,12488
2022-10-03 12:49:14,19,-4,3666.25,12484
2022-10-03 12:49:15,24,2,3666.25,12486
2022-10-03 12:49:16,8,1,3666.25,12487
2022-10-03 12:49:17,43,-7,3666.25,12480
2022-10-03 12:49:18,6,-6,3665.75,12474
2022-10-03 12:49:19,52,19,3666.25,12493
2022-10-03 12:49:20,20,-2,3665.75,12491
2022-10-03 12:49:21,22,-8,3665.75,12483
2022-10-03 12:49:22,2,-2,3665.75,12481
2022-10-03 12:49:23,16,3,3666.25,12484
2022-10-03 12:49:24,9,-1,3666.25,12483
2022-10-03 12:49:25,1,1,3666.25,12484
2022-10-03 12:49:26,415,-342,3666.0,12142
2022-10-03 12:49:27,66,-33,3665.5,12109
2022-10-03 12:49:29,29,-8,3665.5,12101
2022-10-03 12:49:30,49,-2,3665.25,12099
2022-10-03 12:49:31,28,-8,3665.25,12091
2022-10-03 12:49:32,46,3,3665.25,12094
2022-10-03 12:49:33,39,3,3665.25,12097
2022-10-03 12:49:34,23,1,3665.25,12098
2022-10-03 12:49:35,2,0,3665.25,12098
2022-10-03 12:49:36,14,8,3665.25,12106
2022-10-03 12:49:37,48,8,3665.5,12114
2022-10-03 12:49:38,59,-20,3665.25,12094
2022-10-03 12:49:39,8,-6,3665.25,12088
2022-10-03 12:49:40,40,6,3665.5,12094
2022-10-03 12:49:41,19,-6,3665.5,12088
2022-10-03 12:49:42,1,-1,3665.5,12087
2022-10-03 12:49:43,13,-12,3665.5,12075
2022-10-03 12:49:44,9,-4,3665.75,12071
2022-10-03 12:49:45,26,21,3665.5,12092
2022-10-03 12:49:48,13,9,3665.5,12101
2022-10-03 12:49:49,20,10,3665.75,12111
2022-10-03 12:49:50,24,3,3666.0,12114
2022-10-03 12:49:52,3,3,3666.0,12117
2022-10-03 12:49:53,14,-11,3665.75,12106
2022-10-03 12:49:54,8,6,3665.75,12112
2022-10-03 12:49:55,4,0,3665.75,12112
2022-10-03 12:49:56,18,-3,3665.75,12109
2022-10-03 12:49:58,8,-3,3665.75,12106
2022-10-03 12:50:00,33,8,3666.0,12114
2022-10-03 12:50:01,4,1,3666.0,12115
2022-10-03 12:50:02,36,12,3666.25,12127
2022-10-03 12:50:03,19,-1,3666.5,12126
2022-10-03 12:50:04,27,9,3666.0,12135
2022-10-03 12:50:05,22,-15,3666.0,12120
2022-10-03 12:50:06,33,5,3665.75,12125
2022-10-03 12:50:07,1,-1,3665.5,12124
2022-10-03 12:50:08,33,13,3666.25,12137
2022-10-03 12:50:09,17,-4,3666.25,12133
2022-10-03 12:50:10,11,-4,3666.25,12129
2022-10-03 12:50:11,468,-316,3666.0,11813
2022-10-03 12:50:12,45,-13,3665.5,11800
2022-10-03 12:50:13,4,-1,3665.5,11799
2022-10-03 12:50:15,48,-1,3665.75,11798
2022-10-03 12:50:17,67,-12,3665.75,11786
2022-10-03 12:50:18,12,-8,3665.25,11778
2022-10-03 12:50:19,1,-1,3665.0,11777
2022-10-03 12:50:20,27,7,3665.25,11784
2022-10-03 12:50:21,21,-4,3665.25,11780
2022-10-03 12:50:22,3,3,3665.5,11783
2022-10-03 12:50:23,29,2,3665.75,11785
2022-10-03 12:50:24,65,4,3665.75,11789
2022-10-03 12:50:25,15,2,3665.75,11791
2022-10-03 12:50:28,38,-9,3665.5,11782
2022-10-03 12:50:29,67,0,3665.5,11782
2022-10-03 12:50:30,18,-8,3665.5,11774
2022-10-03 12:50:31,1,1,3665.75,11775
2022-10-03 12:50:33,2,-1,3665.5,11774
2022-10-03 12:50:34,34,26,3666.0,11800
2022-10-03 12:50:36,15,10,3666.25,11810
2022-10-03 12:50:37,19,-6,3666.0,11804
2022-10-03 12:50:38,7,-5,3666.0,11799
2022-10-03 12:50:39,8,-7,3665.75,11792
2022-10-03 12:50:42,96,-24,3665.5,11768
2022-10-03 12:50:43,37,6,3665.5,11774
2022-10-03 12:50:44,17,1,3665.75,11775
2022-10-03 12:50:45,9,2,3665.25,11777
2022-10-03 12:50:48,2,0,3665.5,11777
2022-10-03 12:50:49,57,-1,3665.5,11776
2022-10-03 12:50:50,2,0,3665.5,11776
2022-10-03 12:50:51,12,9,3666.0,11785
2022-10-03 12:50:52,9,-9,3665.75,11776
2022-10-03 12:50:53,35,-3,3665.75,11773
2022-10-03 12:50:56,2,-1,3665.5,11772
2022-10-03 12:50:57,18,3,3665.75,11775
2022-10-03 12:50:58,7,-7,3665.75,11768
2022-10-03 12:50:59,19,3,3665.75,11771
2022-10-03 12:51:00,37,-11,3665.5,11760
2022-10-03 12:51:01,15,3,3665.5,11763
2022-10-03 12:51:02,7,2,3665.5,11765
2022-10-03 12:51:04,25,-10,3665.5,11755
2022-10-03 12:51:05,152,24,3665.5,11779
2022-10-03 12:51:06,2,-1,3665.0,11778
2022-10-03 12:51:07,18,0,3665.25,11778
2022-10-03 12:51:08,3,-1,3665.5,11777
2022-10-03 12:51:09,136,56,3666.25,11833
2022-10-03 12:51:10,43,-3,3666.0,11830
2022-10-03 12:51:11,22,-8,3665.75,11822
2022-10-03 12:51:12,22,-8,3665.75,11814
2022-10-03 12:51:14,37,-30,3665.5,11784
2022-10-03 12:51:15,23,10,3665.25,11794
2022-10-03 12:51:16,10,0,3665.25,11794
2022-10-03 12:51:17,35,16,3665.25,11810
2022-10-03 12:51:18,28,-4,3665.5,11806
2022-10-03 12:51:19,16,-3,3665.75,11803
2022-10-03 12:51:21,12,-2,3665.25,11801
2022-10-03 12:51:22,2,1,3665.25,11802
2022-10-03 12:51:23,1,-1,3665.0,11801
2022-10-03 12:51:24,47,-11,3665.0,11790
2022-10-03 12:51:25,10,-6,3665.0,11784
2022-10-03 12:51:26,75,17,3665.0,11801
2022-10-03 12:51:27,21,11,3665.0,11812
2022-10-03 12:51:28,52,-13,3664.75,11799
2022-10-03 12:51:29,41,1,3665.0,11800
2022-10-03 12:51:30,11,-2,3665.0,11798
2022-10-03 12:51:31,14,9,3665.25,11807
2022-10-03 12:51:32,24,9,3665.25,11816
2022-10-03 12:51:33,39,-10,3665.25,11806
2022-10-03 12:51:34,5,-3,3665.0,11803
2022-10-03 12:51:35,93,28,3665.0,11831
2022-10-03 12:51:36,4,-3,3664.75,11828
2022-10-03 12:51:37,44,-3,3665.0,11825
2022-10-03 12:51:38,21,-8,3665.0,11817
2022-10-03 12:51:39,7,-6,3664.75,11811
2022-10-03 12:51:40,1,-1,3664.5,11810
2022-10-03 12:51:41,34,-14,3664.75,11796
2022-10-03 12:51:42,180,86,3665.0,11882
2022-10-03 12:51:43,3,-3,3664.75,11879
2022-10-03 12:51:44,5,-3,3664.75,11876
2022-10-03 12:51:45,114,-15,3664.75,11861
2022-10-03 12:51:46,2,-2,3664.5,11859
2022-10-03 12:51:47,56,-26,3664.5,11833
2022-10-03 12:51:48,25,12,3664.75,11845
2022-10-03 12:51:49,28,12,3664.75,11857
2022-10-03 12:51:50,71,22,3665.0,11879
2022-10-03 12:51:51,2,-2,3665.0,11877
2022-10-03 12:51:52,20,4,3665.0,11881
2022-10-03 12:51:53,1,-1,3665.0,11880
2022-10-03 12:51:54,8,8,3665.25,11888
2022-10-03 12:51:55,17,15,3665.5,11903
2022-10-03 12:51:56,29,6,3665.5,11909
2022-10-03 12:51:57,5,-1,3665.25,11908
2022-10-03 12:52:00,46,11,3665.75,11919
2022-10-03 12:52:01,15,-9,3665.5,11910
2022-10-03 12:52:02,4,-1,3665.5,11909
2022-10-03 12:52:03,1,-1,3665.25,11908
2022-10-03 12:52:04,20,-10,3665.25,11898
2022-10-03 12:52:05,17,-5,3665.0,11893
2022-10-03 12:52:06,24,-6,3665.25,11887
2022-10-03 12:52:08,22,-8,3665.25,11879
2022-10-03 12:52:09,26,-8,3665.25,11871
2022-10-03 12:52:11,51,10,3665.0,11881
2022-10-03 12:52:12,25,-9,3664.75,11872
2022-10-03 12:52:13,75,-25,3664.75,11847
2022-10-03 12:52:14,61,-8,3664.5,11839
2022-10-03 12:52:15,139,-66,3664.25,11773
2022-10-03 12:52:16,30,-8,3663.75,11765
2022-10-03 12:52:17,43,-1,3663.5,11764
2022-10-03 12:52:18,13,-9,3663.5,11755
2022-10-03 12:52:19,46,-1,3663.75,11754
2022-10-03 12:52:20,7,1,3663.75,11755
2022-10-03 12:52:21,36,-6,3663.5,11749
2022-10-03 12:52:22,43,-4,3663.5,11745
2022-10-03 12:52:23,39,10,3663.75,11755
2022-10-03 12:52:24,63,1,3664.25,11756
2022-10-03 12:52:25,26,-18,3663.75,11738
2022-10-03 12:52:26,22,8,3663.75,11746
2022-10-03 12:52:27,7,4,3663.75,11750
2022-10-03 12:52:28,13,4,3663.75,11754
2022-10-03 12:52:29,29,-11,3663.5,11743
2022-10-03 12:52:30,15,4,3663.5,11747
2022-10-03 12:52:31,20,-16,3663.75,11731
2022-10-03 12:52:32,19,-5,3663.75,11726
2022-10-03 12:52:33,15,9,3663.5,11735
2022-10-03 12:52:34,30,-16,3663.5,11719
2022-10-03 12:52:35,17,-7,3663.5,11712
2022-10-03 12:52:36,11,-7,3663.25,11705
2022-10-03 12:52:37,41,4,3663.25,11709
2022-10-03 12:52:38,472,-229,3663.0,11480
2022-10-03 12:52:39,496,-324,3662.5,11156
2022-10-03 12:52:40,96,-1,3661.25,11155
2022-10-03 12:52:41,240,-109,3661.0,11046
2022-10-03 12:52:42,318,7,3660.5,11053
2022-10-03 12:52:43,67,5,3661.0,11058
2022-10-03 12:52:44,114,16,3661.0,11074
2022-10-03 12:52:45,50,-31,3660.75,11043
2022-10-03 12:52:46,28,-9,3660.5,11034
2022-10-03 12:52:47,60,9,3661.0,11043
2022-10-03 12:52:48,66,-20,3661.0,11023
2022-10-03 12:52:49,51,26,3661.25,11049
2022-10-03 12:52:50,41,-12,3661.25,11037
2022-10-03 12:52:51,38,-3,3661.25,11034
2022-10-03 12:52:52,58,-5,3661.25,11029
2022-10-03 12:52:53,33,-18,3660.75,11011
2022-10-03 12:52:54,53,-19,3660.75,10992
2022-10-03 12:52:55,72,-5,3660.5,10987
2022-10-03 12:52:56,28,-9,3660.75,10978
2022-10-03 12:52:57,68,20,3660.75,10998
2022-10-03 12:52:58,33,-10,3661.0,10988
2022-10-03 12:52:59,30,-2,3661.0,10986
2022-10-03 12:53:00,31,7,3660.75,10993
2022-10-03 12:53:01,167,-66,3661.25,10927
2022-10-03 12:53:02,5,1,3661.25,10928
2022-10-03 12:53:03,47,8,3661.5,10936
2022-10-03 12:53:04,99,12,3661.75,10948
2022-10-03 12:53:05,62,-13,3662.0,10935
2022-10-03 12:53:06,125,21,3662.5,10956
2022-10-03 12:53:07,63,8,3662.5,10964
2022-10-03 12:53:08,411,163,3664.5,11127
2022-10-03 12:53:09,122,86,3665.5,11213
2022-10-03 12:53:10,80,-20,3665.5,11193
2022-10-03 12:53:11,141,-38,3665.25,11155
2022-10-03 12:53:12,36,-21,3664.75,11134
2022-10-03 12:53:13,95,16,3664.75,11150
2022-10-03 12:53:14,74,-18,3664.5,11132
2022-10-03 12:53:15,60,-4,3663.75,11128
2022-10-03 12:53:16,43,2,3663.5,11130
2022-10-03 12:53:17,132,47,3664.0,11177
2022-10-03 12:53:18,63,15,3664.0,11192
2022-10-03 12:53:19,31,-7,3663.75,11185
2022-10-03 12:53:20,14,-3,3663.75,11182
2022-10-03 12:53:21,26,-4,3663.75,11178
2022-10-03 12:53:22,26,-6,3663.5,11172
2022-10-03 12:53:23,38,-6,3663.5,11166
2022-10-03 12:53:24,30,25,3663.75,11191
2022-10-03 12:53:25,58,6,3663.75,11197
2022-10-03 12:53:26,56,12,3664.0,11209
2022-10-03 12:53:27,42,13,3664.5,11222
2022-10-03 12:53:28,17,6,3664.25,11228
2022-10-03 12:53:29,41,3,3664.25,11231
2022-10-03 12:53:30,24,-1,3664.25,11230
2022-10-03 12:53:31,41,13,3664.5,11243
2022-10-03 12:53:32,16,7,3664.5,11250
2022-10-03 12:53:33,12,-2,3664.5,11248
2022-10-03 12:53:34,76,54,3664.75,11302
2022-10-03 12:53:35,31,-3,3664.5,11299
2022-10-03 12:53:36,36,-13,3664.5,11286
2022-10-03 12:53:37,43,-10,3664.25,11276
2022-10-03 12:53:38,35,0,3664.5,11276
2022-10-03 12:53:39,8,2,3664.25,11278
2022-10-03 12:53:40,90,19,3664.75,11297
2022-10-03 12:53:41,34,-5,3664.75,11292
2022-10-03 12:53:42,32,0,3664.25,11292
2022-10-03 12:53:43,143,-124,3664.5,11168
2022-10-03 12:53:44,12,11,3664.25,11179
2022-10-03 12:53:45,15,6,3664.25,11185
2022-10-03 12:53:46,47,-3,3664.25,11182
2022-10-03 12:53:47,37,-9,3664.0,11173
2022-10-03 12:53:48,46,-6,3663.75,11167
2022-10-03 12:53:49,32,7,3664.0,11174
2022-10-03 12:53:50,80,-30,3663.75,11144
2022-10-03 12:53:51,15,2,3663.5,11146
2022-10-03 12:53:52,11,-4,3663.25,11142
2022-10-03 12:53:53,26,2,3663.25,11144
2022-10-03 12:53:54,3,-3,3663.25,11141
2022-10-03 12:53:55,31,-8,3663.25,11133
2022-10-03 12:53:56,1,1,3663.25,11134
2022-10-03 12:53:57,35,-4,3663.25,11130
2022-10-03 12:53:58,11,-9,3663.25,11121
2022-10-03 12:53:59,53,1,3663.0,11122
2022-10-03 12:54:00,95,6,3663.25,11128
2022-10-03 12:54:01,82,-40,3663.0,11088
2022-10-03 12:54:02,75,-23,3662.25,11065
2022-10-03 12:54:03,143,-58,3662.0,11007
2022-10-03 12:54:04,24,-11,3662.0,10996
2022-10-03 12:54:05,33,12,3662.0,11008
2022-10-03 12:54:06,7,-7,3661.75,11001
2022-10-03 12:54:07,99,-44,3661.5,10957
2022-10-03 12:54:08,120,10,3661.0,10967
2022-10-03 12:54:09,58,11,3660.75,10978
2022-10-03 12:54:10,75,13,3660.75,10991
2022-10-03 12:54:11,94,-77,3660.5,10914
2022-10-03 12:54:12,46,-4,3660.5,10910
2022-10-03 12:54:13,164,-25,3660.5,10885
2022-10-03 12:54:14,39,-16,3660.5,10869
2022-10-03 12:54:15,47,-5,3660.5,10864
2022-10-03 12:54:16,98,-8,3660.5,10856
2022-10-03 12:54:17,107,43,3660.75,10899
2022-10-03 12:54:18,39,-1,3660.75,10898
2022-10-03 12:54:19,28,-1,3660.75,10897
2022-10-03 12:54:20,38,-5,3660.75,10892
2022-10-03 12:54:21,37,3,3660.75,10895
2022-10-03 12:54:22,32,-10,3661.0,10885
2022-10-03 12:54:23,49,15,3661.0,10900
2022-10-03 12:54:24,19,-1,3661.25,10899
2022-10-03 12:54:25,31,0,3661.25,10899
2022-10-03 12:54:26,27,0,3661.0,10899
2022-10-03 12:54:27,3,3,3661.0,10902
2022-10-03 12:54:28,38,6,3661.0,10908
2022-10-03 12:54:29,53,24,3661.75,10932
2022-10-03 12:54:30,33,1,3661.75,10933
2022-10-03 12:54:31,41,23,3661.75,10956
2022-10-03 12:54:32,31,9,3662.0,10965
2022-10-03 12:54:33,21,4,3662.0,10969
2022-10-03 12:54:34,10,5,3662.0,10974
2022-10-03 12:54:36,66,31,3662.25,11005
2022-10-03 12:54:37,20,10,3662.25,11015
2022-10-03 12:54:38,189,68,3662.5,11083
2022-10-03 12:54:39,48,-3,3663.0,11080
2022-10-03 12:54:40,47,31,3663.25,11111
2022-10-03 12:54:41,37,1,3663.25,11112
2022-10-03 12:54:42,57,-5,3663.5,11107
2022-10-03 12:54:43,54,2,3663.75,11109
2022-10-03 12:54:44,74,-11,3664.0,11098
2022-10-03 12:54:45,43,9,3663.75,11107
2022-10-03 12:54:46,9,5,3663.75,11112
2022-10-03 12:54:47,3,-1,3663.75,11111
2022-10-03 12:54:48,91,-26,3663.75,11085
2022-10-03 12:54:49,22,-7,3663.25,11078
2022-10-03 12:54:50,19,5,3663.5,11083
2022-10-03 12:54:51,36,-4,3663.25,11079
2022-10-03 12:54:52,13,-3,3663.5,11076
2022-10-03 12:54:53,5,1,3663.75,11077
2022-10-03 12:54:54,83,6,3664.0,11083
2022-10-03 12:54:55,4,-3,3663.75,11080
2022-10-03 12:54:56,35,-18,3663.75,11062
2022-10-03 12:54:57,23,-5,3663.5,11057
2022-10-03 12:54:58,31,-8,3663.75,11049
2022-10-03 12:54:59,144,50,3663.75,11099
2022-10-03 12:55:00,43,9,3663.75,11108
2022-10-03 12:55:01,45,2,3663.5,11110
2022-10-03 12:55:02,73,-27,3663.25,11083
2022-10-03 12:55:03,19,5,3663.25,11088
2022-10-03 12:55:04,26,-18,3663.25,11070
2022-10-03 12:55:05,9,2,3663.25,11072
2022-10-03 12:55:06,24,-2,3663.0,11070
2022-10-03 12:55:07,30,-10,3662.75,11060
2022-10-03 12:55:08,28,9,3663.0,11069
2022-10-03 12:55:09,6,-1,3662.75,11068
2022-10-03 12:55:10,8,2,3662.75,11070
2022-10-03 12:55:11,132,11,3662.75,11081
2022-10-03 12:55:12,62,-21,3662.5,11060
2022-10-03 12:55:13,36,-6,3662.5,11054
2022-10-03 12:55:14,175,53,3662.5,11107
2022-10-03 12:55:15,10,-1,3662.5,11106
2022-10-03 12:55:16,29,-3,3662.5,11103
2022-10-03 12:55:17,6,0,3662.5,11103
2022-10-03 12:55:18,29,0,3662.5,11103
2022-10-03 12:55:19,23,5,3662.5,11108
2022-10-03 12:55:20,36,-17,3662.5,11091
2022-10-03 12:55:21,16,8,3662.25,11099
2022-10-03 12:55:22,48,23,3662.5,11122
2022-10-03 12:55:23,13,-6,3662.5,11116
2022-10-03 12:55:24,27,-12,3662.0,11104
2022-10-03 12:55:25,51,-11,3662.0,11093
2022-10-03 12:55:26,50,17,3662.0,11110
2022-10-03 12:55:27,16,-11,3662.0,11099
2022-10-03 12:55:28,25,1,3662.0,11100
2022-10-03 12:55:29,26,0,3661.75,11100
2022-10-03 12:55:30,24,5,3662.0,11105
2022-10-03 12:55:31,13,-1,3661.75,11104
2022-10-03 12:55:32,20,11,3661.75,11115
2022-10-03 12:55:33,28,10,3662.0,11125
2022-10-03 12:55:34,28,5,3662.0,11130
2022-10-03 12:55:35,2,-2,3661.75,11128
2022-10-03 12:55:36,28,4,3662.0,11132
2022-10-03 12:55:37,5,1,3662.0,11133
2022-10-03 12:55:38,24,13,3662.25,11146
2022-10-03 12:55:39,13,7,3662.0,11153
2022-10-03 12:55:40,18,2,3662.0,11155
2022-10-03 12:55:41,49,21,3662.5,11176
2022-10-03 12:55:42,31,11,3662.25,11187
2022-10-03 12:55:43,4,-4,3662.0,11183
2022-10-03 12:55:44,59,-1,3662.0,11182
2022-10-03 12:55:45,26,11,3662.25,11193
2022-10-03 12:55:46,24,12,3662.25,11205
2022-10-03 12:55:47,102,29,3663.0,11234
2022-10-03 12:55:48,21,1,3663.0,11235
2022-10-03 12:55:49,38,-3,3662.75,11232
2022-10-03 12:55:50,34,5,3662.5,11237
2022-10-03 12:55:51,4,-4,3662.5,11233
2022-10-03 12:55:52,41,15,3662.5,11248
2022-10-03 12:55:53,11,-4,3662.75,11244
2022-10-03 12:55:54,1,-1,3662.5,11243
2022-10-03 12:55:55,3,3,3662.75,11246
2022-10-03 12:55:56,54,3,3662.75,11249
2022-10-03 12:55:57,13,-5,3662.75,11244
2022-10-03 12:55:58,21,-3,3662.5,11241
2022-10-03 12:55:59,29,-4,3662.5,11237
2022-10-03 12:56:00,28,8,3662.5,11245
2022-10-03 12:56:01,24,16,3663.0,11261
2022-10-03 12:56:02,47,7,3663.25,11268
2022-10-03 12:56:03,148,99,3663.25,11367
2022-10-03 12:56:04,83,32,3663.5,11399
2022-10-03 12:56:05,22,8,3663.75,11407
2022-10-03 12:56:06,124,24,3663.75,11431
2022-10-03 12:56:07,34,3,3664.0,11434
2022-10-03 12:56:08,63,16,3664.0,11450
2022-10-03 12:56:09,88,54,3664.25,11504
2022-10-03 12:56:10,122,28,3664.25,11532
2022-10-03 12:56:11,53,-14,3664.25,11518
2022-10-03 12:56:12,4,0,3664.0,11518
2022-10-03 12:56:13,51,7,3664.25,11525
2022-10-03 12:56:14,11,6,3664.25,11531
2022-10-03 12:56:15,49,6,3664.5,11537
2022-10-03 12:56:16,35,6,3664.75,11543
2022-10-03 12:56:17,12,-3,3664.75,11540
2022-10-03 12:56:18,10,-4,3664.75,11536
2022-10-03 12:56:19,6,2,3664.75,11538
2022-10-03 12:56:20,29,7,3664.75,11545
2022-10-03 12:56:21,36,-8,3664.5,11537
2022-10-03 12:56:22,78,41,3665.0,11578
2022-10-03 12:56:23,27,0,3664.75,11578
2022-10-03 12:56:24,28,-13,3664.25,11565
2022-10-03 12:56:26,2,-2,3664.25,11563
2022-10-03 12:56:27,53,-15,3664.25,11548
2022-10-03 12:56:28,148,41,3665.0,11589
2022-10-03 12:56:29,20,2,3665.0,11591
2022-10-03 12:56:30,152,45,3665.75,11636
2022-10-03 12:56:31,40,1,3665.75,11637
2022-10-03 12:56:32,48,17,3665.5,11654
2022-10-03 12:56:33,62,33,3665.75,11687
2022-10-03 12:56:34,9,4,3665.75,11691
2022-10-03 12:56:35,97,-9,3666.0,11682
2022-10-03 12:56:36,24,9,3666.0,11691
2022-10-03 12:56:37,34,-18,3665.75,11673
2022-10-03 12:56:38,18,0,3665.75,11673
2022-10-03 12:56:39,32,19,3666.0,11692
2022-10-03 12:56:40,25,0,3665.75,11692
2022-10-03 12:56:41,31,-4,3665.75,11688
2022-10-03 12:56:42,10,-2,3665.75,11686
2022-10-03 12:56:43,21,-5,3665.75,11681
2022-10-03 12:56:44,20,3,3665.75,11684
2022-10-03 12:56:45,21,1,3666.0,11685
2022-10-03 12:56:46,7,-7,3665.75,11678
2022-10-03 12:56:47,15,4,3665.75,11682
2022-10-03 12:56:48,11,11,3666.0,11693
2022-10-03 12:56:49,35,-13,3665.75,11680
2022-10-03 12:56:50,57,13,3665.5,11693
2022-10-03 12:56:51,3,-3,3665.25,11690
2022-10-03 12:56:52,11,-5,3665.25,11685
2022-10-03 12:56:53,121,-74,3665.25,11611
2022-10-03 12:56:54,25,5,3665.5,11616
2022-10-03 12:56:55,53,4,3665.75,11620
2022-10-03 12:56:56,41,-6,3665.5,11614
2022-10-03 12:56:57,23,7,3665.5,11621
2022-10-03 12:56:58,13,-5,3665.5,11616
2022-10-03 12:56:59,60,12,3665.75,11628
2022-10-03 12:57:00,20,3,3665.75,11631
2022-10-03 12:57:01,33,-1,3665.5,11630
2022-10-03 12:57:02,47,12,3665.75,11642
2022-10-03 12:57:03,21,10,3665.75,11652
2022-10-03 12:57:04,23,4,3665.75,11656
2022-10-03 12:57:05,53,-14,3665.75,11642
2022-10-03 12:57:06,33,7,3666.0,11649
2022-10-03 12:57:07,47,30,3666.25,11679
2022-10-03 12:57:08,69,-15,3666.0,11664
2022-10-03 12:57:09,32,-20,3665.5,11644
2022-10-03 12:57:10,8,6,3665.5,11650
2022-10-03 12:57:11,45,-16,3665.25,11634
2022-10-03 12:57:12,31,11,3665.5,11645
2022-10-03 12:57:13,37,-9,3665.5,11636
2022-10-03 12:57:14,23,-2,3665.75,11634
2022-10-03 12:57:15,25,5,3665.75,11639
2022-10-03 12:57:16,37,7,3666.25,11646
2022-10-03 12:57:17,10,3,3666.25,11649
2022-10-03 12:57:18,8,6,3666.5,11655
2022-10-03 12:57:19,81,10,3666.75,11665
2022-10-03 12:57:20,2,2,3666.75,11667
2022-10-03 12:57:21,113,52,3667.25,11719
2022-10-03 12:57:22,152,34,3668.0,11753
2022-10-03 12:57:23,53,20,3667.5,11773
2022-10-03 12:57:24,37,11,3667.5,11784
2022-10-03 12:57:25,80,9,3667.75,11793
2022-10-03 12:57:26,22,-4,3667.5,11789
2022-10-03 12:57:27,61,-16,3667.0,11773
2022-10-03 12:57:28,18,1,3667.25,11774
2022-10-03 12:57:29,36,2,3667.25,11776
2022-10-03 12:57:30,27,2,3667.25,11778
2022-10-03 12:57:31,28,-1,3667.25,11777
2022-10-03 12:57:32,2,2,3667.25,11779
2022-10-03 12:57:33,28,8,3667.5,11787
2022-10-03 12:57:34,33,2,3667.75,11789
2022-10-03 12:57:35,28,-3,3667.5,11786
2022-10-03 12:57:36,21,-4,3667.25,11782
2022-10-03 12:57:37,80,-29,3667.25,11753
2022-10-03 12:57:38,29,7,3667.25,11760
2022-10-03 12:57:39,44,0,3667.0,11760
2022-10-03 12:57:40,32,-8,3666.75,11752
2022-10-03 12:57:41,72,-16,3667.0,11736
2022-10-03 12:57:42,4,0,3667.25,11736
2022-10-03 12:57:43,1,-1,3667.0,11735
2022-10-03 12:57:44,16,-11,3667.0,11724
2022-10-03 12:57:45,2,2,3667.0,11726
2022-10-03 12:57:46,139,15,3667.0,11741
2022-10-03 12:57:47,60,-32,3666.5,11709
2022-10-03 12:57:48,34,1,3666.5,11710
2022-10-03 12:57:49,42,9,3666.75,11719
2022-10-03 12:57:50,1,-1,3666.5,11718
2022-10-03 12:57:51,89,-3,3666.5,11715
2022-10-03 12:57:52,10,-10,3666.25,11705
2022-10-03 12:57:53,69,-17,3666.0,11688
2022-10-03 12:57:54,10,2,3666.0,11690
2022-10-03 12:57:55,12,-2,3665.75,11688
2022-10-03 12:57:56,89,-15,3665.5,11673
2022-10-03 12:57:57,39,1,3665.5,11674
2022-10-03 12:57:58,12,0,3665.5,11674
2022-10-03 12:57:59,38,4,3665.75,11678
2022-10-03 12:58:00,17,11,3665.75,11689
2022-10-03 12:58:01,24,0,3666.0,11689
2022-10-03 12:58:02,2,2,3666.25,11691
2022-10-03 12:58:03,6,-2,3666.25,11689
2022-10-03 12:58:04,55,-17,3666.0,11672
2022-10-03 12:58:05,4,1,3665.75,11673
2022-10-03 12:58:06,68,-25,3665.75,11648
2022-10-03 12:58:07,55,-14,3665.75,11634
2022-10-03 12:58:08,32,-5,3665.5,11629
2022-10-03 12:58:09,3,-1,3665.75,11628
2022-10-03 12:58:10,22,-1,3665.75,11627
2022-10-03 12:58:11,11,-9,3665.5,11618
2022-10-03 12:58:12,4,2,3665.5,11620
2022-10-03 12:58:13,22,3,3665.5,11623
2022-10-03 12:58:14,14,-11,3665.25,11612
2022-10-03 12:58:15,42,2,3665.5,11614
2022-10-03 12:58:17,62,13,3666.0,11627
2022-10-03 12:58:18,18,-4,3666.0,11623
2022-10-03 12:58:19,23,-3,3666.0,11620
2022-10-03 12:58:20,16,11,3666.25,11631
2022-10-03 12:58:21,22,2,3666.25,11633
2022-10-03 12:58:22,37,-4,3666.5,11629
2022-10-03 12:58:23,28,5,3667.0,11634
2022-10-03 12:58:24,7,6,3666.75,11640
2022-10-03 12:58:25,2,0,3666.75,11640
2022-10-03 12:58:26,38,-4,3666.75,11636
2022-10-03 12:58:27,16,-1,3666.75,11635
2022-10-03 12:58:28,6,-2,3666.75,11633
2022-10-03 12:58:29,21,-2,3666.5,11631
2022-10-03 12:58:30,20,8,3666.75,11639
2022-10-03 12:58:31,1,1,3666.5,11640
2022-10-03 12:58:32,47,1,3666.5,11641
2022-10-03 12:58:33,88,-3,3666.75,11638
2022-10-03 12:58:34,44,22,3667.0,11660
2022-10-03 12:58:35,5,2,3667.0,11662
2022-10-03 12:58:36,61,-6,3666.75,11656
2022-10-03 12:58:37,61,0,3667.0,11656
2022-10-03 12:58:38,63,5,3667.0,11661
2022-10-03 12:58:39,39,-11,3666.75,11650
2022-10-03 12:58:40,20,3,3666.75,11653
2022-10-03 12:58:41,2,0,3667.0,11653
2022-10-03 12:58:42,103,58,3667.25,11711
2022-10-03 12:58:43,39,-19,3666.75,11692
2022-10-03 12:58:44,16,-7,3666.75,11685
2022-10-03 12:58:45,9,7,3666.75,11692
2022-10-03 12:58:46,19,-3,3666.75,11689
2022-10-03 12:58:47,35,3,3666.5,11692
2022-10-03 12:58:49,2,-2,3666.5,11690
2022-10-03 12:58:50,64,-6,3666.75,11684
2022-10-03 12:58:51,71,5,3666.25,11689
2022-10-03 12:58:52,11,-1,3666.25,11688
2022-10-03 12:58:53,9,1,3666.25,11689
2022-10-03 12:58:54,13,3,3666.25,11692
2022-10-03 12:58:55,14,-6,3666.25,11686
2022-10-03 12:58:56,3,-1,3666.25,11685
2022-10-03 12:58:57,19,3,3666.25,11688
2022-10-03 12:58:59,20,-5,3666.25,11683
2022-10-03 12:59:00,20,2,3666.0,11685
2022-10-03 12:59:01,14,10,3666.25,11695
2022-10-03 12:59:02,1,1,3666.5,11696
2022-10-03 12:59:03,32,-20,3666.25,11676
2022-10-03 12:59:04,7,7,3666.25,11683
2022-10-03 12:59:06,39,-4,3666.5,11679
2022-10-03 12:59:08,30,-1,3666.5,11678
2022-10-03 12:59:09,31,5,3666.75,11683
2022-10-03 12:59:10,36,12,3666.75,11695
2022-10-03 12:59:11,24,7,3666.75,11702
2022-10-03 12:59:12,75,55,3667.0,11757
2022-10-03 12:59:13,2,-2,3666.75,11755
2022-10-03 12:59:14,22,3,3666.75,11758
2022-10-03 12:59:15,32,4,3667.0,11762
2022-10-03 12:59:16,25,1,3666.25,11763
2022-10-03 12:59:17,18,6,3666.5,11769
2022-10-03 12:59:18,25,-1,3666.75,11768
2022-10-03 12:59:19,3,-1,3666.75,11767
2022-10-03 12:59:20,59,-12,3667.0,11755
2022-10-03 12:59:21,57,30,3667.25,11785
2022-10-03 12:59:22,111,23,3667.75,11808
2022-10-03 12:59:23,63,30,3667.75,11838
2022-10-03 12:59:24,14,-2,3667.75,11836
2022-10-03 12:59:25,39,-8,3667.75,11828
2022-10-03 12:59:26,37,1,3667.75,11829
2022-10-03 12:59:27,120,-53,3667.5,11776
2022-10-03 12:59:28,26,16,3667.5,11792
2022-10-03 12:59:29,43,17,3667.75,11809
2022-10-03 12:59:30,157,-11,3668.0,11798
2022-10-03 12:59:31,7,5,3667.5,11803
2022-10-03 12:59:32,84,-15,3667.5,11788
2022-10-03 12:59:33,47,13,3667.5,11801
2022-10-03 12:59:34,1,-1,3667.25,11800
2022-10-03 12:59:35,144,-15,3667.5,11785
2022-10-03 12:59:36,52,10,3667.75,11795
2022-10-03 12:59:37,11,-4,3667.75,11791
2022-10-03 12:59:38,33,11,3667.75,11802
2022-10-03 12:59:39,23,-4,3667.75,11798
2022-10-03 12:59:40,38,20,3667.75,11818
2022-10-03 12:59:41,63,-14,3667.5,11804
2022-10-03 12:59:42,15,-10,3667.5,11794
2022-10-03 12:59:43,16,6,3667.5,11800
2022-10-03 12:59:44,18,-2,3667.5,11798
2022-10-03 12:59:45,34,8,3667.75,11806
2022-10-03 12:59:46,6,-2,3668.0,11804
2022-10-03 12:59:47,52,23,3668.0,11827
2022-10-03 12:59:48,8,6,3668.0,11833
2022-10-03 12:59:49,1,1,3668.0,11834
2022-10-03 12:59:50,29,1,3668.25,11835
2022-10-03 12:59:51,28,22,3668.25,11857
2022-10-03 12:59:52,1,-1,3668.0,11856
2022-10-03 12:59:53,155,98,3668.75,11954
2022-10-03 12:59:54,38,7,3668.5,11961
2022-10-03 12:59:55,4,4,3668.5,11965
2022-10-03 12:59:56,27,18,3668.5,11983
2022-10-03 12:59:57,82,10,3668.5,11993
2022-10-03 12:59:58,2,0,3668.5,11993
2022-10-03 12:59:59,12,2,3668.5,11995
2022-10-03 13:00:00,129,-4,3668.5,11991
2022-10-03 13:00:01,46,34,3668.5,12025
2022-10-03 13:00:02,14,6,3668.5,12031
2022-10-03 13:00:03,88,16,3668.75,12047
2022-10-03 13:00:04,54,-9,3668.5,12038
2022-10-03 13:00:05,48,9,3668.5,12047
2022-10-03 13:00:06,25,-13,3668.5,12034
2022-10-03 13:00:07,40,20,3668.25,12054
2022-10-03 13:00:08,20,-7,3668.25,12047
2022-10-03 13:00:09,46,2,3668.25,12049
2022-10-03 13:00:10,26,2,3668.25,12051
2022-10-03 13:00:11,38,-1,3668.25,12050
2022-10-03 13:00:12,32,18,3668.5,12068
2022-10-03 13:00:13,57,43,3668.75,12111
2022-10-03 13:00:14,249,76,3669.5,12187
2022-10-03 13:00:15,79,31,3669.5,12218
2022-10-03 13:00:16,14,-5,3669.5,12213
2022-10-03 13:00:17,313,-60,3669.5,12153
2022-10-03 13:00:18,6,6,3669.5,12159
2022-10-03 13:00:19,163,-6,3669.5,12153
2022-10-03 13:00:20,165,57,3669.5,12210
2022-10-03 13:00:21,214,94,3670.25,12304
2022-10-03 13:00:22,85,64,3670.25,12368
2022-10-03 13:00:23,109,28,3670.5,12396
2022-10-03 13:00:24,229,34,3671.0,12430
2022-10-03 13:00:25,45,20,3670.75,12450
2022-10-03 13:00:26,76,5,3670.75,12455
2022-10-03 13:00:27,163,-15,3670.75,12440
2022-10-03 13:00:28,29,8,3671.0,12448
2022-10-03 13:00:29,53,2,3671.0,12450
2022-10-03 13:00:30,81,-13,3670.75,12437
2022-10-03 13:00:31,106,-5,3670.75,12432
2022-10-03 13:00:32,52,27,3670.75,12459
2022-10-03 13:00:33,4,-2,3670.75,12457
2022-10-03 13:00:34,8,8,3670.75,12465
2022-10-03 13:00:35,68,40,3671.0,12505
2022-10-03 13:00:36,7,7,3671.0,12512
2022-10-03 13:00:37,32,1,3671.0,12513
2022-10-03 13:00:38,111,4,3671.0,12517
2022-10-03 13:00:39,55,10,3671.0,12527
2022-10-03 13:00:40,35,-7,3671.0,12520
2022-10-03 13:00:41,9,6,3670.75,12526
2022-10-03 13:00:42,62,23,3671.25,12549
2022-10-03 13:00:43,70,-1,3671.0,12548
2022-10-03 13:00:44,15,-7,3670.75,12541
2022-10-03 13:00:45,58,-7,3670.75,12534
2022-10-03 13:00:46,26,-14,3670.75,12520
2022-10-03 13:00:47,77,-5,3670.5,12515
2022-10-03 13:00:48,161,-100,3670.25,12415
2022-10-03 13:00:49,62,12,3670.0,12427
2022-10-03 13:00:50,18,1,3670.0,12428
2022-10-03 13:00:51,37,0,3670.0,12428
2022-10-03 13:00:52,20,-8,3669.75,12420
2022-10-03 13:00:53,17,-9,3669.5,12411
2022-10-03 13:00:54,74,-24,3669.5,12387
2022-10-03 13:00:55,59,-20,3669.25,12367
2022-10-03 13:00:56,40,21,3669.25,12388
2022-10-03 13:00:57,21,-17,3669.25,12371
2022-10-03 13:00:58,31,15,3669.25,12386
2022-10-03 13:00:59,94,5,3669.5,12391
2022-10-03 13:01:00,63,13,3669.5,12404
2022-10-03 13:01:01,27,23,3669.75,12427
2022-10-03 13:01:02,93,15,3670.0,12442
2022-10-03 13:01:03,13,-9,3670.0,12433
2022-10-03 13:01:04,2,1,3670.0,12434
2022-10-03 13:01:05,32,5,3670.25,12439
2022-10-03 13:01:06,29,6,3670.25,12445
2022-10-03 13:01:07,13,-3,3670.25,12442
2022-10-03 13:01:08,19,-3,3670.5,12439
2022-10-03 13:01:09,17,11,3670.25,12450
2022-10-03 13:01:10,12,-8,3670.25,12442
2022-10-03 13:01:11,76,39,3670.5,12481
2022-10-03 13:01:12,175,-15,3670.25,12466
2022-10-03 13:01:13,6,-2,3670.25,12464
2022-10-03 13:01:14,46,24,3670.5,12488
2022-10-03 13:01:15,46,-12,3670.5,12476
2022-10-03 13:01:16,147,3,3670.75,12479
2022-10-03 13:01:17,1,-1,3670.5,12478
2022-10-03 13:01:18,3,1,3670.75,12479
2022-10-03 13:01:19,78,-15,3670.75,12464
2022-10-03 13:01:20,48,4,3670.75,12468
2022-10-03 13:01:21,193,-5,3670.75,12463
2022-10-03 13:01:22,26,-10,3670.75,12453
2022-10-03 13:01:23,100,-8,3670.5,12445
2022-10-03 13:01:24,42,2,3670.25,12447
2022-10-03 13:01:25,41,-19,3670.0,12428
2022-10-03 13:01:26,16,-8,3670.25,12420
2022-10-03 13:01:27,10,-10,3670.0,12410
2022-10-03 13:01:28,22,10,3670.0,12420
2022-10-03 13:01:29,16,-2,3670.0,12418
2022-10-03 13:01:30,1,1,3670.0,12419
2022-10-03 13:01:31,12,-6,3670.25,12413
2022-10-03 13:01:32,51,-34,3669.75,12379
2022-10-03 13:01:33,38,-15,3669.5,12364
2022-10-03 13:01:34,4,-2,3669.25,12362
2022-10-03 13:01:35,16,-8,3669.25,12354
2022-10-03 13:01:36,127,-49,3669.0,12305
2022-10-03 13:01:37,18,-12,3668.75,12293
2022-10-03 13:01:38,89,29,3669.0,12322
2022-10-03 13:01:39,38,-1,3669.0,12321
2022-10-03 13:01:40,27,-15,3668.75,12306
2022-10-03 13:01:41,15,-8,3668.75,12298
2022-10-03 13:01:42,36,-5,3668.5,12293
2022-10-03 13:01:43,168,-32,3668.25,12261
2022-10-03 13:01:44,91,-11,3667.75,12250
2022-10-03 13:01:45,57,17,3668.0,12267
2022-10-03 13:01:46,49,26,3668.25,12293
2022-10-03 13:01:47,28,-17,3668.25,12276
2022-10-03 13:01:48,20,2,3668.25,12278
2022-10-03 13:01:49,31,-23,3668.25,12255
2022-10-03 13:01:50,22,0,3668.0,12255
2022-10-03 13:01:51,1,-1,3667.75,12254
2022-10-03 13:01:53,46,-8,3667.75,12246
2022-10-03 13:01:54,85,15,3667.75,12261
2022-10-03 13:01:55,27,-5,3668.0,12256
2022-10-03 13:01:56,27,-9,3667.75,12247
2022-10-03 13:01:57,14,10,3667.75,12257
2022-10-03 13:01:58,1,1,3668.0,12258
2022-10-03 13:01:59,74,22,3668.25,12280
2022-10-03 13:02:00,48,-13,3668.0,12267
2022-10-03 13:02:01,80,-20,3667.75,12247
2022-10-03 13:02:02,76,26,3668.0,12273
2022-10-03 13:02:03,72,36,3668.5,12309
2022-10-03 13:02:04,106,11,3668.5,12320
2022-10-03 13:02:05,5,1,3668.75,12321
2022-10-03 13:02:06,30,5,3668.75,12326
2022-10-03 13:02:07,7,-1,3668.75,12325
2022-10-03 13:02:08,31,12,3669.0,12337
2022-10-03 13:02:09,6,4,3669.0,12341
2022-10-03 13:02:10,72,35,3669.25,12376
2022-10-03 13:02:11,126,9,3669.5,12385
2022-10-03 13:02:12,13,7,3669.5,12392
2022-10-03 13:02:13,28,4,3669.5,12396
2022-10-03 13:02:14,44,-23,3669.75,12373
2022-10-03 13:02:15,5,3,3669.5,12376
2022-10-03 13:02:16,180,-52,3669.5,12324
2022-10-03 13:02:17,29,-4,3668.5,12320
2022-10-03 13:02:18,36,-8,3668.25,12312
2022-10-03 13:02:19,15,11,3668.5,12323
2022-10-03 13:02:20,18,2,3668.5,12325
2022-10-03 13:02:21,73,-17,3668.5,12308
2022-10-03 13:02:22,12,1,3668.5,12309
2022-10-03 13:02:23,84,0,3668.25,12309
2022-10-03 13:02:24,107,27,3668.75,12336
2022-10-03 13:02:25,21,6,3668.75,12342
2022-10-03 13:02:26,9,0,3668.75,12342
2022-10-03 13:02:27,15,14,3669.0,12356
2022-10-03 13:02:28,137,-16,3669.0,12340
2022-10-03 13:02:29,1,-1,3668.0,12339
2022-10-03 13:02:30,52,0,3668.25,12339
2022-10-03 13:02:31,26,0,3668.0,12339
2022-10-03 13:02:32,21,-1,3668.25,12338
2022-10-03 13:02:33,21,-9,3668.25,12329
2022-10-03 13:02:35,66,-19,3667.75,12310
2022-10-03 13:02:36,111,-18,3668.0,12292
2022-10-03 13:02:37,35,-11,3667.75,12281
2022-10-03 13:02:38,75,18,3667.75,12299
2022-10-03 13:02:39,18,-7,3667.75,12292
2022-10-03 13:02:40,38,4,3668.0,12296
2022-10-03 13:02:41,69,16,3668.0,12312
2022-10-03 13:02:42,61,1,3668.25,12313
2022-10-03 13:02:43,56,-11,3668.25,12302
2022-10-03 13:02:44,3,-3,3668.0,12299
2022-10-03 13:02:45,11,11,3668.0,12310
2022-10-03 13:02:46,20,-5,3668.0,12305
2022-10-03 13:02:47,20,7,3668.0,12312
2022-10-03 13:02:48,44,3,3668.25,12315
2022-10-03 13:02:49,2,2,3668.25,12317
2022-10-03 13:02:50,1,1,3668.25,12318
2022-10-03 13:02:51,3,-3,3668.0,12315
2022-10-03 13:02:52,17,11,3668.25,12326
2022-10-03 13:02:53,8,-6,3668.25,12320
2022-10-03 13:02:54,15,7,3668.25,12327
2022-10-03 13:02:55,10,-1,3668.25,12326
2022-10-03 13:02:56,25,1,3668.25,12327
2022-10-03 13:02:57,48,2,3668.0,12329
2022-10-03 13:02:58,17,-3,3667.75,12326
2022-10-03 13:02:59,18,2,3668.0,12328
2022-10-03 13:03:00,28,-11,3667.75,12317
2022-10-03 13:03:01,2,-2,3667.5,12315
2022-10-03 13:03:02,26,-8,3667.75,12307
2022-10-03 13:03:03,41,13,3667.5,12320
2022-10-03 13:03:04,29,12,3667.75,12332
2022-10-03 13:03:05,12,-6,3667.75,12326
2022-10-03 13:03:06,45,-12,3667.5,12314
2022-10-03 13:03:07,24,-8,3667.5,12306
2022-10-03 13:03:08,31,-2,3667.75,12304
2022-10-03 13:03:09,11,-7,3667.75,12297
2022-10-03 13:03:10,13,3,3667.75,12300
2022-10-03 13:03:11,33,-10,3667.5,12290
2022-10-03 13:03:12,72,-28,3667.25,12262
2022-10-03 13:03:13,14,-11,3667.5,12251
2022-10-03 13:03:14,58,12,3667.5,12263
2022-10-03 13:03:15,2,2,3667.75,12265
2022-10-03 13:03:16,106,28,3668.0,12293
2022-10-03 13:03:17,2,0,3668.0,12293
2022-10-03 13:03:18,42,1,3668.0,12294
2022-10-03 13:03:19,2,2,3668.25,12296
2022-10-03 13:03:20,41,27,3668.25,12323
2022-10-03 13:03:21,1,-1,3668.0,12322
2022-10-03 13:03:22,45,-11,3668.5,12311
2022-10-03 13:03:23,17,-4,3668.5,12307
2022-10-03 13:03:24,37,20,3668.5,12327
2022-10-03 13:03:25,19,-5,3668.25,12322
2022-10-03 13:03:26,45,24,3668.25,12346
2022-10-03 13:03:27,12,0,3668.5,12346
2022-10-03 13:03:28,3,1,3668.5,12347
2022-10-03 13:03:29,31,10,3668.5,12357
2022-10-03 13:03:30,122,22,3669.0,12379
2022-10-03 13:03:31,11,3,3668.5,12382
2022-10-03 13:03:32,50,2,3668.25,12384
2022-10-03 13:03:33,15,8,3668.25,12392
2022-10-03 13:03:34,14,-5,3668.0,12387
2022-10-03 13:03:35,9,-4,3668.0,12383
2022-10-03 13:03:36,3,2,3668.0,12385
2022-10-03 13:03:37,22,3,3668.0,12388
2022-10-03 13:03:38,18,-3,3667.75,12385
2022-10-03 13:03:39,17,11,3668.0,12396
2022-10-03 13:03:40,10,4,3668.25,12400
2022-10-03 13:03:41,10,-3,3668.5,12397
2022-10-03 13:03:42,14,8,3668.5,12405
2022-10-03 13:03:43,24,4,3668.75,12409
2022-10-03 13:03:44,11,-2,3668.5,12407
2022-10-03 13:03:45,34,16,3668.5,12423
2022-10-03 13:03:47,24,7,3668.75,12430
2022-10-03 13:03:48,38,-17,3668.5,12413
2022-10-03 13:03:49,18,4,3668.5,12417
2022-10-03 13:03:50,14,-2,3668.75,12415
2022-10-03 13:03:51,23,22,3668.75,12437
2022-10-03 13:03:52,96,10,3669.0,12447
2022-10-03 13:03:53,80,19,3669.25,12466
2022-10-03 13:03:54,10,-7,3669.0,12459
2022-10-03 13:03:55,2,2,3669.0,12461
2022-10-03 13:03:56,48,-14,3669.0,12447
2022-10-03 13:03:57,5,5,3668.75,12452
2022-10-03 13:03:58,43,1,3668.5,12453
2022-10-03 13:03:59,1,1,3668.75,12454
2022-10-03 13:04:00,2,2,3668.75,12456
2022-10-03 13:04:01,24,21,3669.0,12477
2022-10-03 13:04:02,1,1,3669.0,12478
2022-10-03 13:04:03,3,1,3669.0,12479
2022-10-03 13:04:04,64,24,3669.25,12503
2022-10-03 13:04:05,87,13,3669.5,12516
2022-10-03 13:04:06,72,1,3669.5,12517
2022-10-03 13:04:07,39,-11,3669.5,12506
2022-10-03 13:04:08,59,-33,3669.25,12473
2022-10-03 13:04:09,17,-15,3669.0,12458
2022-10-03 13:04:10,4,-4,3669.0,12454
2022-10-03 13:04:11,14,4,3669.25,12458
2022-10-03 13:04:12,7,5,3669.25,12463
2022-10-03 13:04:13,43,26,3669.25,12489
2022-10-03 13:04:14,2,2,3669.5,12491
2022-10-03 13:04:15,38,21,3669.5,12512
2022-10-03 13:04:17,51,-6,3669.75,12506
2022-10-03 13:04:18,16,-1,3669.5,12505
2022-10-03 13:04:19,17,15,3669.5,12520
2022-10-03 13:04:20,105,15,3669.75,12535
2022-10-03 13:04:21,838,77,3670.0,12612
2022-10-03 13:04:22,165,-5,3669.75,12607
2022-10-03 13:04:23,4,4,3669.75,12611
2022-10-03 13:04:24,302,30,3670.0,12641
2022-10-03 13:04:25,85,10,3670.0,12651
2022-10-03 13:04:26,262,29,3670.0,12680
2022-10-03 13:04:27,76,-14,3670.0,12666
2022-10-03 13:04:28,7,1,3670.0,12667
2022-10-03 13:04:29,29,-7,3670.0,12660
2022-10-03 13:04:30,281,78,3669.75,12738
2022-10-03 13:04:31,190,-20,3669.5,12718
2022-10-03 13:04:32,61,-6,3669.5,12712
2022-10-03 13:04:34,34,24,3669.5,12736
2022-10-03 13:04:35,89,-50,3669.5,12686
2022-10-03 13:04:36,40,-1,3669.25,12685
2022-10-03 13:04:37,7,-4,3669.25,12681
2022-10-03 13:04:38,60,19,3669.25,12700
2022-10-03 13:04:39,7,-1,3669.5,12699
2022-10-03 13:04:40,54,13,3669.75,12712
2022-10-03 13:04:41,35,-11,3669.5,12701
2022-10-03 13:04:42,33,-23,3669.0,12678
2022-10-03 13:04:43,25,13,3669.0,12691
2022-10-03 13:04:44,7,-3,3669.0,12688
2022-10-03 13:04:45,70,21,3669.0,12709
2022-10-03 13:04:46,3,3,3669.25,12712
2022-10-03 13:04:47,16,14,3669.25,12726
2022-10-03 13:04:48,32,1,3669.25,12727
2022-10-03 13:04:49,1,1,3669.25,12728
2022-10-03 13:04:50,44,-21,3669.0,12707
2022-10-03 13:04:51,77,-17,3669.0,12690
2022-10-03 13:04:52,25,-20,3668.75,12670
2022-10-03 13:04:53,2,0,3669.0,12670
2022-10-03 13:04:54,29,-7,3668.75,12663
2022-10-03 13:04:55,15,0,3669.0,12663
2022-10-03 13:04:56,8,4,3669.0,12667
2022-10-03 13:04:57,18,-3,3669.25,12664
2022-10-03 13:04:58,46,27,3669.25,12691
2022-10-03 13:04:59,12,4,3669.25,12695
2022-10-03 13:05:00,19,7,3669.25,12702
2022-10-03 13:05:01,2,2,3669.5,12704
2022-10-03 13:05:02,30,23,3669.75,12727
2022-10-03 13:05:03,1,1,3669.75,12728
2022-10-03 13:05:04,255,53,3669.75,12781
2022-10-03 13:05:05,121,-51,3670.0,12730
2022-10-03 13:05:06,190,91,3669.75,12821
2022-10-03 13:05:07,38,25,3669.75,12846
2022-10-03 13:05:08,291,-15,3669.75,12831
2022-10-03 13:05:09,2,2,3669.75,12833
2022-10-03 13:05:10,71,15,3669.75,12848
2022-10-03 13:05:11,2,-1,3669.5,12847
2022-10-03 13:05:12,103,39,3670.0,12886
2022-10-03 13:05:13,82,-23,3670.0,12863
2022-10-03 13:05:14,168,6,3670.0,12869
2022-10-03 13:05:15,73,-21,3669.75,12848
2022-10-03 13:05:16,45,20,3669.5,12868
2022-10-03 13:05:17,1,1,3669.5,12869
2022-10-03 13:05:18,19,-13,3669.25,12856
2022-10-03 13:05:19,3,-1,3669.5,12855
2022-10-03 13:05:20,113,68,3669.5,12923
2022-10-03 13:05:21,154,-38,3669.5,12885
2022-10-03 13:05:22,136,-3,3669.25,12882
2022-10-03 13:05:23,23,-21,3669.0,12861
2022-10-03 13:05:24,136,41,3669.0,12902
2022-10-03 13:05:25,3,-1,3669.0,12901
2022-10-03 13:05:26,46,28,3669.25,12929
2022-10-03 13:05:27,73,-24,3669.25,12905
2022-10-03 13:05:28,28,-1,3669.25,12904
2022-10-03 13:05:29,18,4,3669.25,12908
2022-10-03 13:05:30,67,-32,3669.25,12876
2022-10-03 13:05:31,5,-2,3669.0,12874
2022-10-03 13:05:32,63,32,3669.25,12906
2022-10-03 13:05:33,131,-6,3669.25,12900
2022-10-03 13:05:34,158,-81,3669.5,12819
2022-10-03 13:05:35,65,-18,3669.25,12801
2022-10-03 13:05:36,127,-12,3668.75,12789
2022-10-03 13:05:37,10,5,3668.75,12794
2022-10-03 13:05:38,2,2,3669.0,12796
2022-10-03 13:05:39,4,4,3669.0,12800
2022-10-03 13:05:40,57,7,3668.75,12807
2022-10-03 13:05:41,75,39,3669.0,12846
2022-10-03 13:05:42,15,-4,3669.0,12842
2022-10-03 13:05:43,1,1,3669.25,12843
2022-10-03 13:05:44,13,0,3669.25,12843
2022-10-03 13:05:45,52,23,3669.25,12866
2022-10-03 13:05:46,26,-20,3669.0,12846
2022-10-03 13:05:47,5,0,3669.25,12846
2022-10-03 13:05:48,127,42,3669.25,12888
2022-10-03 13:05:49,73,-30,3669.25,12858
2022-10-03 13:05:50,46,11,3669.0,12869
2022-10-03 13:05:51,128,65,3669.25,12934
2022-10-03 13:05:52,1,1,3669.25,12935
2022-10-03 13:05:53,1,1,3669.25,12936
2022-10-03 13:05:54,51,9,3669.25,12945
2022-10-03 13:05:55,9,-7,3669.25,12938
2022-10-03 13:05:56,15,9,3669.25,12947
2022-10-03 13:05:58,34,25,3669.5,12972
2022-10-03 13:05:59,4,-4,3669.5,12968
2022-10-03 13:06:00,41,9,3669.5,12977
2022-10-03 13:06:01,327,-183,3669.5,12794
2022-10-03 13:06:03,20,18,3669.5,12812
2022-10-03 13:06:04,1,1,3669.75,12813
2022-10-03 13:06:05,2,-2,3669.5,12811
2022-10-03 13:06:06,11,8,3669.75,12819
2022-10-03 13:06:07,152,21,3670.0,12840
2022-10-03 13:06:09,254,-27,3670.0,12813
2022-10-03 13:06:10,131,-20,3670.0,12793
2022-10-03 13:06:11,52,-22,3669.75,12771
2022-10-03 13:06:12,101,-48,3669.25,12723
2022-10-03 13:06:13,112,-37,3669.0,12686
2022-10-03 13:06:14,50,33,3669.0,12719
2022-10-03 13:06:15,25,-5,3669.0,12714
2022-10-03 13:06:16,14,13,3669.25,12727
2022-10-03 13:06:17,20,-15,3669.0,12712
2022-10-03 13:06:18,20,14,3669.0,12726
2022-10-03 13:06:19,33,5,3669.25,12731
2022-10-03 13:06:20,35,-3,3669.25,12728
2022-10-03 13:06:21,20,-13,3669.25,12715
2022-10-03 13:06:22,46,-15,3668.75,12700
2022-10-03 13:06:23,27,-17,3668.75,12683
2022-10-03 13:06:24,37,-16,3668.75,12667
2022-10-03 13:06:25,11,10,3668.75,12677
2022-10-03 13:06:26,52,39,3669.0,12716
2022-10-03 13:06:27,33,-12,3669.0,12704
2022-10-03 13:06:28,34,6,3669.0,12710
2022-10-03 13:06:29,100,16,3669.25,12726
2022-10-03 13:06:30,23,0,3669.5,12726
2022-10-03 13:06:31,2,-1,3669.25,12725
2022-10-03 13:06:32,31,-9,3669.5,12716
2022-10-03 13:06:33,25,9,3669.25,12725
2022-10-03 13:06:34,12,-6,3669.25,12719
2022-10-03 13:06:35,1,1,3669.25,12720
2022-10-03 13:06:36,2,-2,3669.0,12718
2022-10-03 13:06:37,17,-7,3669.0,12711
2022-10-03 13:06:38,29,-11,3668.75,12700
2022-10-03 13:06:39,1,1,3668.75,12701
2022-10-03 13:06:40,55,-12,3668.5,12689
2022-10-03 13:06:41,28,13,3668.75,12702
2022-10-03 13:06:43,57,-14,3668.75,12688
2022-10-03 13:06:44,3,-1,3668.5,12687
2022-10-03 13:06:45,2,2,3668.5,12689
2022-10-03 13:06:46,1,-1,3668.25,12688
2022-10-03 13:06:47,39,-5,3668.25,12683
2022-10-03 13:06:48,43,22,3668.75,12705
2022-10-03 13:06:50,1,-1,3668.5,12704
2022-10-03 13:06:51,37,17,3668.75,12721
2022-10-03 13:06:52,1,-1,3668.5,12720
2022-10-03 13:06:53,24,-10,3668.75,12710
2022-10-03 13:06:54,25,10,3668.5,12720
2022-10-03 13:06:55,22,-14,3668.5,12706
2022-10-03 13:06:56,30,-3,3668.25,12703
2022-10-03 13:06:57,10,10,3668.5,12713
2022-10-03 13:06:58,34,-14,3668.25,12699
2022-10-03 13:06:59,1,-1,3668.0,12698
2022-10-03 13:07:00,96,-9,3668.0,12689
2022-10-03 13:07:01,57,-17,3668.0,12672
2022-10-03 13:07:02,286,31,3668.0,12703
2022-10-03 13:07:03,73,7,3668.0,12710
2022-10-03 13:07:04,34,-1,3668.25,12709
2022-10-03 13:07:05,37,-9,3668.25,12700
2022-10-03 13:07:06,21,-2,3668.5,12698
2022-10-03 13:07:07,34,19,3668.75,12717
2022-10-03 13:07:08,64,32,3669.25,12749
2022-10-03 13:07:09,57,17,3669.25,12766
2022-10-03 13:07:10,18,14,3669.5,12780
2022-10-03 13:07:11,72,-27,3669.5,12753
2022-10-03 13:07:12,35,10,3669.25,12763
2022-10-03 13:07:13,63,25,3669.5,12788
2022-10-03 13:07:14,113,48,3669.75,12836
2022-10-03 13:07:15,2,2,3669.75,12838
2022-10-03 13:07:16,88,8,3669.75,12846
2022-10-03 13:07:17,74,20,3669.5,12866
2022-10-03 13:07:18,3,3,3669.5,12869
2022-10-03 13:07:19,1,-1,3669.25,12868
2022-10-03 13:07:20,4,0,3669.5,12868
2022-10-03 13:07:21,4,3,3669.5,12871
2022-10-03 13:07:22,88,26,3669.5,12897
2022-10-03 13:07:23,215,13,3670.0,12910
2022-10-03 13:07:24,8,0,3670.0,12910
2022-10-03 13:07:25,1,-1,3669.75,12909
2022-10-03 13:07:26,73,-24,3669.75,12885
2022-10-03 13:07:27,9,-3,3669.75,12882
2022-10-03 13:07:29,14,-7,3670.0,12875
2022-10-03 13:07:30,1,-1,3669.75,12874
2022-10-03 13:07:31,3,-3,3669.75,12871
2022-10-03 13:07:32,1,-1,3669.75,12870
2022-10-03 13:07:33,2,2,3670.0,12872
2022-10-03 13:07:34,13,2,3670.0,12874
2022-10-03 13:07:35,86,-31,3670.0,12843
2022-10-03 13:07:36,70,10,3669.5,12853
2022-10-03 13:07:37,27,14,3669.75,12867
2022-10-03 13:07:38,2,2,3669.75,12869
2022-10-03 13:07:39,93,9,3669.75,12878
2022-10-03 13:07:40,50,18,3669.75,12896
2022-10-03 13:07:42,29,-15,3670.0,12881
2022-10-03 13:07:43,172,-81,3670.0,12800
2022-10-03 13:07:44,94,-20,3670.0,12780
2022-10-03 13:07:45,179,-42,3670.0,12738
2022-10-03 13:07:46,1,1,3670.0,12739
2022-10-03 13:07:47,41,3,3670.0,12742
2022-10-03 13:07:48,4,0,3670.0,12742
2022-10-03 13:07:49,48,-20,3669.75,12722
2022-10-03 13:07:50,90,-5,3669.75,12717
2022-10-03 13:07:51,25,15,3669.75,12732
2022-10-03 13:07:53,33,-2,3669.75,12730
2022-10-03 13:07:54,3,-1,3670.0,12729
2022-10-03 13:07:55,20,1,3670.0,12730
2022-10-03 13:07:56,82,-37,3670.0,12693
2022-10-03 13:07:57,5,-3,3670.0,12690
2022-10-03 13:07:58,38,19,3669.75,12709
2022-10-03 13:08:00,2,2,3670.0,12711
2022-10-03 13:08:01,435,67,3670.0,12778
2022-10-03 13:08:03,75,-23,3669.5,12755
2022-10-03 13:08:04,5,1,3669.75,12756
2022-10-03 13:08:05,15,3,3669.75,12759
2022-10-03 13:08:06,1,1,3669.75,12760
2022-10-03 13:08:07,1405,439,3671.5,13199
2022-10-03 13:08:08,100,23,3671.5,13222
2022-10-03 13:08:09,95,-30,3671.25,13192
2022-10-03 13:08:10,288,137,3672.25,13329
2022-10-03 13:08:11,118,7,3672.25,13336
2022-10-03 13:08:12,189,-24,3672.0,13312
2022-10-03 13:08:13,44,31,3671.5,13343
2022-10-03 13:08:14,39,7,3671.75,13350
2022-10-03 13:08:15,58,35,3672.25,13385
2022-10-03 13:08:16,252,81,3672.75,13466
2022-10-03 13:08:17,37,17,3672.5,13483
2022-10-03 13:08:18,87,-1,3672.5,13482
2022-10-03 13:08:19,73,20,3672.25,13502
2022-10-03 13:08:20,62,35,3672.5,13537
2022-10-03 13:08:21,72,-5,3672.75,13532
2022-10-03 13:08:22,151,1,3672.75,13533
2022-10-03 13:08:23,318,92,3673.5,13625
2022-10-03 13:08:24,110,-33,3673.5,13592
2022-10-03 13:08:25,166,4,3673.5,13596
2022-10-03 13:08:26,36,-6,3673.25,13590
2022-10-03 13:08:27,66,10,3673.0,13600
2022-10-03 13:08:28,41,-6,3673.25,13594
2022-10-03 13:08:29,38,1,3673.0,13595
2022-10-03 13:08:30,153,51,3673.5,13646
2022-10-03 13:08:31,98,-21,3673.75,13625
2022-10-03 13:08:32,51,-19,3673.5,13606
2022-10-03 13:08:33,6,1,3673.5,13607
2022-10-03 13:08:34,146,24,3673.5,13631
2022-10-03 13:08:35,58,16,3673.5,13647
2022-10-03 13:08:36,93,13,3673.75,13660
2022-10-03 13:08:37,39,26,3673.75,13686
2022-10-03 13:08:38,45,7,3673.5,13693
2022-10-03 13:08:39,53,29,3673.5,13722
2022-10-03 13:08:40,5,4,3673.75,13726
2022-10-03 13:08:41,79,-4,3673.75,13722
2022-10-03 13:08:42,28,5,3673.75,13727
2022-10-03 13:08:43,1,-1,3673.5,13726
2022-10-03 13:08:44,36,27,3673.75,13753
2022-10-03 13:08:45,62,-27,3673.75,13726
2022-10-03 13:08:46,110,-12,3674.0,13714
2022-10-03 13:08:47,125,27,3674.0,13741
2022-10-03 13:08:48,105,-62,3673.5,13679
2022-10-03 13:08:49,125,-25,3673.25,13654
2022-10-03 13:08:50,50,2,3673.0,13656
2022-10-03 13:08:51,9,2,3673.25,13658
2022-10-03 13:08:52,44,-16,3673.0,13642
2022-10-03 13:08:53,3,1,3673.25,13643
2022-10-03 13:08:54,28,20,3673.5,13663
2022-10-03 13:08:55,32,-3,3673.5,13660
2022-10-03 13:08:56,50,-1,3673.5,13659
2022-10-03 13:08:57,60,-24,3673.5,13635
2022-10-03 13:08:58,46,-29,3673.25,13606
2022-10-03 13:08:59,58,-7,3673.25,13599
2022-10-03 13:09:00,29,15,3673.5,13614
2022-10-03 13:09:01,11,8,3673.5,13622
2022-10-03 13:09:02,7,5,3673.75,13627
2022-10-03 13:09:03,6,1,3673.75,13628
2022-10-03 13:09:04,69,0,3673.75,13628
2022-10-03 13:09:05,7,5,3674.0,13633
2022-10-03 13:09:06,4,4,3674.0,13637
2022-10-03 13:09:07,53,-12,3673.75,13625
2022-10-03 13:09:08,1,-1,3673.5,13624
2022-10-03 13:09:09,3,1,3673.75,13625
2022-10-03 13:09:10,66,18,3673.75,13643
2022-10-03 13:09:11,123,42,3674.25,13685
2022-10-03 13:09:12,272,63,3674.75,13748
2022-10-03 13:09:13,26,5,3674.75,13753
2022-10-03 13:09:14,65,-2,3674.75,13751
2022-10-03 13:09:15,24,7,3674.5,13758
2022-10-03 13:09:16,42,15,3674.75,13773
2022-10-03 13:09:17,54,-9,3674.75,13764
2022-10-03 13:09:18,29,14,3674.5,13778
2022-10-03 13:09:19,86,-24,3674.25,13754
2022-10-03 13:09:20,39,8,3674.25,13762
2022-10-03 13:09:21,24,-11,3674.0,13751
2022-10-03 13:09:22,1,1,3674.0,13752
2022-10-03 13:09:23,140,-20,3673.75,13732
2022-10-03 13:09:24,35,-13,3674.0,13719
2022-10-03 13:09:25,18,-3,3674.0,13716
2022-10-03 13:09:26,1,-1,3673.75,13715
2022-10-03 13:09:27,44,-10,3674.0,13705
2022-10-03 13:09:28,7,-6,3673.75,13699
2022-10-03 13:09:29,42,3,3673.5,13702
2022-10-03 13:09:30,64,-3,3673.25,13699
2022-10-03 13:09:31,65,-18,3673.5,13681
2022-10-03 13:09:33,49,-11,3673.25,13670
2022-10-03 13:09:34,10,1,3673.25,13671
2022-10-03 13:09:35,40,4,3673.25,13675
2022-10-03 13:09:36,37,14,3673.5,13689
2022-10-03 13:09:37,25,4,3673.75,13693
2022-10-03 13:09:38,25,0,3673.75,13693
2022-10-03 13:09:39,6,3,3673.75,13696
2022-10-03 13:09:40,1,1,3673.75,13697
2022-10-03 13:09:41,62,25,3674.0,13722
2022-10-03 13:09:42,59,-3,3674.25,13719
2022-10-03 13:09:43,34,12,3674.0,13731
2022-10-03 13:09:44,71,7,3673.75,13738
2022-10-03 13:09:45,3,-1,3673.75,13737
2022-10-03 13:09:46,42,-11,3673.75,13726
2022-10-03 13:09:47,43,0,3673.5,13726
2022-10-03 13:09:48,72,0,3673.5,13726
2022-10-03 13:09:49,28,12,3673.75,13738
2022-10-03 13:09:50,11,3,3674.0,13741
2022-10-03 13:09:51,22,-12,3673.75,13729
2022-10-03 13:09:52,5,4,3673.75,13733
2022-10-03 13:09:53,7,-7,3673.75,13726
2022-10-03 13:09:54,46,-9,3674.0,13717
2022-10-03 13:09:55,14,-11,3673.75,13706
2022-10-03 13:09:56,35,-2,3673.5,13704
2022-10-03 13:09:57,12,4,3673.75,13708
2022-10-03 13:09:58,47,23,3674.0,13731
2022-10-03 13:09:59,15,11,3674.0,13742
2022-10-03 13:10:00,88,18,3674.25,13760
2022-10-03 13:10:01,37,-17,3674.25,13743
2022-10-03 13:10:02,1,1,3674.25,13744
2022-10-03 13:10:03,57,9,3674.25,13753
2022-10-03 13:10:04,1,-1,3674.0,13752
2022-10-03 13:10:05,24,-6,3674.0,13746
2022-10-03 13:10:06,2,1,3674.0,13747
2022-10-03 13:10:07,1,-1,3673.75,13746
2022-10-03 13:10:08,26,-4,3674.0,13742
2022-10-03 13:10:09,23,3,3674.0,13745
2022-10-03 13:10:10,60,-11,3674.0,13734
2022-10-03 13:10:11,4,1,3674.0,13735
2022-10-03 13:10:12,27,-19,3673.75,13716
2022-10-03 13:10:13,12,3,3673.75,13719
2022-10-03 13:10:14,9,-8,3673.75,13711
2022-10-03 13:10:15,49,-30,3673.5,13681
2022-10-03 13:10:16,35,-18,3673.25,13663
2022-10-03 13:10:17,85,-21,3673.0,13642
2022-10-03 13:10:18,46,9,3673.0,13651
2022-10-03 13:10:19,21,-15,3673.0,13636
2022-10-03 13:10:20,47,-20,3672.75,13616
2022-10-03 13:10:21,99,-19,3672.75,13597
2022-10-03 13:10:22,84,36,3673.0,13633
2022-10-03 13:10:23,20,2,3673.0,13635
2022-10-03 13:10:24,7,-4,3673.25,13631
2022-10-03 13:10:25,22,14,3673.25,13645
2022-10-03 13:10:26,9,-7,3673.0,13638
2022-10-03 13:10:27,2,0,3673.25,13638
2022-10-03 13:10:30,49,24,3673.25,13662
2022-10-03 13:10:31,80,-1,3673.25,13661
2022-10-03 13:10:32,43,4,3673.0,13665
2022-10-03 13:10:33,3,-2,3673.0,13663
2022-10-03 13:10:34,12,-10,3673.0,13653
2022-10-03 13:10:35,13,6,3673.25,13659
2022-10-03 13:10:36,1198,-670,3673.25,12989
2022-10-03 13:10:37,97,32,3671.75,13021
2022-10-03 13:10:38,65,-22,3672.0,12999
2022-10-03 13:10:39,32,19,3671.75,13018
2022-10-03 13:10:40,34,-16,3671.75,13002
2022-10-03 13:10:41,127,46,3672.25,13048
2022-10-03 13:10:42,3,-1,3672.25,13047
2022-10-03 13:10:43,41,3,3672.25,13050
2022-10-03 13:10:44,35,-19,3672.25,13031
2022-10-03 13:10:45,51,20,3672.5,13051
2022-10-03 13:10:46,92,31,3672.75,13082
2022-10-03 13:10:47,79,16,3673.0,13098
2022-10-03 13:10:48,4,0,3673.0,13098
2022-10-03 13:10:49,67,-8,3673.0,13090
2022-10-03 13:10:50,123,40,3673.25,13130
2022-10-03 13:10:51,3,1,3673.25,13131
2022-10-03 13:10:52,43,-7,3673.0,13124
2022-10-03 13:10:54,60,-2,3672.5,13122
2022-10-03 13:10:55,18,16,3672.75,13138
2022-10-03 13:10:56,45,-7,3672.75,13131
2022-10-03 13:10:57,23,15,3672.75,13146
2022-10-03 13:10:58,3,2,3673.0,13148
2022-10-03 13:10:59,104,31,3673.0,13179
2022-10-03 13:11:00,11,-8,3673.0,13171
2022-10-03 13:11:01,22,9,3673.0,13180
2022-10-03 13:11:02,56,1,3673.5,13181
2022-10-03 13:11:03,6,5,3673.5,13186
2022-10-03 13:11:04,7,5,3673.5,13191
2022-10-03 13:11:05,22,14,3673.5,13205
2022-10-03 13:11:06,48,0,3673.5,13205
2022-10-03 13:11:07,87,-25,3673.5,13180
2022-10-03 13:11:08,34,9,3673.5,13189
2022-10-03 13:11:09,17,-10,3673.5,13179
2022-10-03 13:11:10,39,2,3673.5,13181
2022-10-03 13:11:11,2,0,3673.5,13181
2022-10-03 13:11:12,19,1,3673.5,13182
2022-10-03 13:11:13,36,-12,3673.5,13170
2022-10-03 13:11:14,13,4,3673.75,13174
2022-10-03 13:11:15,140,61,3674.25,13235
2022-10-03 13:11:16,40,2,3674.25,13237
2022-10-03 13:11:17,162,31,3674.0,13268
2022-10-03 13:11:18,13,-3,3674.0,13265
2022-10-03 13:11:19,67,-7,3674.0,13258
2022-10-03 13:11:20,1,-1,3673.75,13257
2022-10-03 13:11:21,147,37,3674.25,13294
2022-10-03 13:11:22,10,1,3673.75,13295
2022-10-03 13:11:23,77,-2,3673.75,13293
2022-10-03 13:11:24,54,-13,3673.5,13280
2022-10-03 13:11:25,8,-2,3673.25,13278
2022-10-03 13:11:26,80,-2,3673.5,13276
2022-10-03 13:11:27,33,-2,3673.5,13274
2022-10-03 13:11:28,48,3,3673.25,13277
2022-10-03 13:11:29,36,2,3673.5,13279
2022-10-03 13:11:30,12,1,3673.25,13280
2022-10-03 13:11:31,27,-16,3673.25,13264
2022-10-03 13:11:32,36,-6,3673.0,13258
2022-10-03 13:11:33,2,0,3673.0,13258
2022-10-03 13:11:34,42,9,3673.0,13267
2022-10-03 13:11:35,49,-20,3673.0,13247
2022-10-03 13:11:36,15,-11,3673.0,13236
2022-10-03 13:11:37,43,-10,3672.75,13226
2022-10-03 13:11:38,99,-10,3672.75,13216
2022-10-03 13:11:39,52,24,3673.25,13240
2022-10-03 13:11:40,12,-9,3673.25,13231
2022-10-03 13:11:41,8,1,3673.25,13232
2022-10-03 13:11:42,32,-9,3673.25,13223
2022-10-03 13:11:45,2,0,3673.5,13223
2022-10-03 13:11:46,34,2,3673.5,13225
2022-10-03 13:11:47,14,-8,3673.25,13217
2022-10-03 13:11:48,34,-19,3673.25,13198
2022-10-03 13:11:49,17,8,3673.25,13206
2022-10-03 13:11:50,20,-14,3673.5,13192
2022-10-03 13:11:51,17,-9,3673.25,13183
2022-10-03 13:11:52,22,-1,3673.0,13182
2022-10-03 13:11:53,34,2,3672.75,13184
2022-10-03 13:11:55,1,-1,3672.5,13183
2022-10-03 13:11:56,106,1,3672.5,13184
2022-10-03 13:11:57,25,-3,3672.5,13181
2022-10-03 13:11:58,71,-4,3672.5,13177
2022-10-03 13:11:59,13,-4,3672.25,13173
2022-10-03 13:12:00,57,32,3672.5,13205
2022-10-03 13:12:01,12,-1,3672.25,13204
2022-10-03 13:12:02,62,5,3672.5,13209
2022-10-03 13:12:03,9,9,3672.75,13218
2022-10-03 13:12:04,35,14,3673.0,13232
2022-10-03 13:12:05,1,1,3673.0,13233
2022-10-03 13:12:06,14,6,3673.0,13239
2022-10-03 13:12:07,76,-16,3673.0,13223
2022-10-03 13:12:08,8,5,3673.0,13228
2022-10-03 13:12:09,11,-7,3673.0,13221
2022-10-03 13:12:10,60,10,3673.0,13231
2022-10-03 13:12:11,41,-20,3673.0,13211
2022-10-03 13:12:12,12,7,3673.25,13218
2022-10-03 13:12:13,39,12,3673.25,13230
2022-10-03 13:12:14,16,-10,3672.75,13220
2022-10-03 13:12:15,93,16,3672.75,13236
2022-10-03 13:12:16,2,1,3672.75,13237
2022-10-03 13:12:17,82,-27,3672.5,13210
2022-10-03 13:12:18,32,0,3672.5,13210
2022-10-03 13:12:19,8,2,3672.5,13212
2022-10-03 13:12:21,184,-71,3672.25,13141
2022-10-03 13:12:22,53,-8,3672.25,13133
2022-10-03 13:12:23,25,-1,3672.25,13132
2022-10-03 13:12:24,64,5,3672.0,13137
2022-10-03 13:12:25,316,30,3672.0,13167
2022-10-03 13:12:27,143,-44,3672.0,13123
2022-10-03 13:12:28,158,51,3672.0,13174
2022-10-03 13:12:29,81,-54,3671.75,13120
2022-10-03 13:12:30,163,-28,3671.75,13092
2022-10-03 13:12:31,3,1,3671.75,13093
2022-10-03 13:12:32,9,-3,3671.75,13090
2022-10-03 13:12:33,60,26,3671.75,13116
2022-10-03 13:12:35,14,-10,3671.75,13106
2022-10-03 13:12:36,3,-2,3671.5,13104
2022-10-03 13:12:37,112,-8,3671.5,13096
2022-10-03 13:12:38,23,-10,3671.25,13086
2022-10-03 13:12:39,36,-15,3671.25,13071
2022-10-03 13:12:40,138,84,3671.25,13155
2022-10-03 13:12:41,45,7,3671.25,13162
2022-10-03 13:12:42,7,-6,3671.0,13156
2022-10-03 13:12:43,105,33,3671.25,13189
2022-10-03 13:12:44,27,-19,3671.25,13170
2022-10-03 13:12:45,2,2,3671.25,13172
2022-10-03 13:12:46,108,-64,3671.0,13108
2022-10-03 13:12:47,7,-1,3670.75,13107
2022-10-03 13:12:48,42,8,3670.75,13115
2022-10-03 13:12:49,22,7,3670.75,13122
2022-10-03 13:12:50,34,16,3671.0,13138
2022-10-03 13:12:51,56,0,3671.5,13138
2022-10-03 13:12:52,17,9,3671.5,13147
2022-10-03 13:12:53,17,1,3671.75,13148
2022-10-03 13:12:54,1,1,3671.75,13149
2022-10-03 13:12:55,88,8,3671.75,13157
2022-10-03 13:12:56,51,-18,3672.0,13139
2022-10-03 13:12:57,14,12,3672.0,13151
2022-10-03 13:12:58,2,2,3672.0,13153
2022-10-03 13:12:59,25,20,3672.0,13173
2022-10-03 13:13:00,136,16,3672.25,13189
2022-10-03 13:13:01,22,-11,3672.25,13178
2022-10-03 13:13:02,24,-4,3672.25,13174
2022-10-03 13:13:03,60,-23,3672.25,13151
2022-10-03 13:13:04,39,7,3672.5,13158
2022-10-03 13:13:05,20,13,3673.0,13171
2022-10-03 13:13:06,27,14,3673.0,13185
2022-10-03 13:13:07,5,-5,3672.75,13180
2022-10-03 13:13:08,35,-16,3672.75,13164
2022-10-03 13:13:09,51,5,3673.25,13169
