Date,Vol,BidAsk,Price,BidAskCum
2022-10-03 04:00:00,103,-56,3601.25,1678
2022-10-03 04:00:01,13,-9,3600.25,1669
2022-10-03 04:00:02,36,-17,3599.75,1652
2022-10-03 04:00:03,21,1,3599.25,1653
2022-10-03 04:00:04,6,-4,3599.0,1649
2022-10-03 04:00:05,20,6,3599.25,1655
2022-10-03 04:00:06,18,-4,3599.0,1651
2022-10-03 04:00:07,2,-2,3598.75,1649
2022-10-03 04:00:08,7,5,3599.25,1654
2022-10-03 04:00:09,1,-1,3598.75,1653
2022-10-03 04:00:10,4,-2,3598.75,1651
2022-10-03 04:00:11,10,-2,3598.5,1649
2022-10-03 04:00:12,4,-2,3598.5,1647
2022-10-03 04:00:13,1,-1,3598.25,1646
2022-10-03 04:00:14,15,5,3598.5,1651
2022-10-03 04:00:15,1,-1,3598.25,1650
2022-10-03 04:00:16,10,2,3598.25,1652
2022-10-03 04:00:17,6,6,3598.5,1658
2022-10-03 04:00:19,28,2,3598.75,1660
2022-10-03 04:00:20,11,-3,3598.75,1657
2022-10-03 04:00:21,30,12,3599.0,1669
2022-10-03 04:00:22,6,0,3598.75,1669
2022-10-03 04:00:24,5,-2,3598.75,1667
2022-10-03 04:00:25,1,-1,3598.75,1666
2022-10-03 04:00:26,3,-3,3598.5,1663
2022-10-03 04:00:27,6,0,3598.25,1663
2022-10-03 04:00:28,7,3,3598.25,1666
2022-10-03 04:00:29,12,2,3598.25,1668
2022-10-03 04:00:30,8,0,3598.25,1668
2022-10-03 04:00:31,2,0,3598.25,1668
2022-10-03 04:00:32,11,-5,3598.5,1663
2022-10-03 04:00:33,28,-4,3598.0,1659
2022-10-03 04:00:34,3,3,3598.0,1662
2022-10-03 04:00:35,44,-10,3598.25,1652
2022-10-03 04:00:36,26,-9,3598.25,1643
2022-10-03 04:00:37,4,-4,3598.25,1639
2022-10-03 04:00:38,7,-3,3598.25,1636
2022-10-03 04:00:39,11,-7,3598.25,1629
2022-10-03 04:00:40,3,3,3598.25,1632
2022-10-03 04:00:41,1,-1,3598.25,1631
2022-10-03 04:00:42,21,2,3598.5,1633
2022-10-03 04:00:43,20,-13,3598.25,1620
2022-10-03 04:00:45,18,0,3598.25,1620
2022-10-03 04:00:47,39,5,3598.5,1625
2022-10-03 04:00:48,36,6,3598.5,1631
2022-10-03 04:00:50,25,-6,3598.5,1625
2022-10-03 04:00:51,6,5,3597.75,1630
2022-10-03 04:00:52,16,5,3598.0,1635
2022-10-03 04:00:53,8,0,3598.25,1635
2022-10-03 04:00:54,12,-6,3598.25,1629
2022-10-03 04:00:55,11,-9,3598.0,1620
2022-10-03 04:00:56,26,5,3598.0,1625
2022-10-03 04:00:57,2,-2,3597.75,1623
2022-10-03 04:00:58,16,-7,3598.0,1616
2022-10-03 04:00:59,23,-17,3597.75,1599
2022-10-03 04:01:00,212,-56,3597.5,1543
2022-10-03 04:01:01,76,-3,3596.75,1540
2022-10-03 04:01:02,19,-3,3596.0,1537
2022-10-03 04:01:03,18,0,3596.0,1537
2022-10-03 04:01:04,8,-6,3596.0,1531
2022-10-03 04:01:05,15,5,3596.25,1536
2022-10-03 04:01:06,28,3,3596.5,1539
2022-10-03 04:01:07,35,-27,3596.5,1512
2022-10-03 04:01:08,9,3,3596.5,1515
2022-10-03 04:01:09,15,6,3596.75,1521
2022-10-03 04:01:10,6,0,3596.5,1521
2022-10-03 04:01:11,13,-7,3596.75,1514
2022-10-03 04:01:13,7,-6,3596.25,1508
2022-10-03 04:01:14,20,7,3596.25,1515
2022-10-03 04:01:15,21,5,3596.25,1520
2022-10-03 04:01:16,22,-3,3596.75,1517
2022-10-03 04:01:17,14,-12,3596.75,1505
2022-10-03 04:01:19,22,-9,3596.75,1496
2022-10-03 04:01:20,30,-4,3596.5,1492
2022-10-03 04:01:21,9,-1,3596.5,1491
2022-10-03 04:01:22,11,-3,3596.25,1488
2022-10-03 04:01:23,6,0,3596.5,1488
2022-10-03 04:01:24,1,1,3596.5,1489
2022-10-03 04:01:25,3,-3,3596.25,1486
2022-10-03 04:01:26,8,-5,3596.25,1481
2022-10-03 04:01:27,4,0,3596.0,1481
2022-10-03 04:01:28,13,-4,3596.25,1477
2022-10-03 04:01:29,17,-2,3596.5,1475
2022-10-03 04:01:30,14,-5,3596.75,1470
2022-10-03 04:01:31,13,-3,3596.75,1467
2022-10-03 04:01:32,16,-4,3596.5,1463
2022-10-03 04:01:33,13,-8,3596.5,1455
2022-10-03 04:01:34,3,3,3596.25,1458
2022-10-03 04:01:35,11,-11,3596.25,1447
2022-10-03 04:01:36,6,-2,3596.25,1445
2022-10-03 04:01:37,6,6,3596.0,1451
2022-10-03 04:01:38,14,-12,3596.25,1439
2022-10-03 04:01:39,51,-27,3595.75,1412
2022-10-03 04:01:40,10,-8,3595.75,1404
2022-10-03 04:01:41,66,5,3596.0,1409
2022-10-03 04:01:42,1,1,3596.25,1410
2022-10-03 04:01:43,10,-8,3596.25,1402
2022-10-03 04:01:44,27,-41,3596.25,1361
2022-10-03 04:01:46,4,4,3595.75,1365
2022-10-03 04:01:47,23,6,3595.75,1371
2022-10-03 04:01:48,8,0,3595.75,1371
2022-10-03 04:01:50,36,-38,3595.75,1333
2022-10-03 04:01:51,4,2,3595.5,1335
2022-10-03 04:01:52,7,3,3595.5,1338
2022-10-03 04:01:53,7,-7,3595.25,1331
2022-10-03 04:01:54,20,8,3595.75,1339
2022-10-03 04:01:55,15,-3,3595.5,1336
2022-10-03 04:01:56,3,3,3595.5,1339
2022-10-03 04:01:57,27,9,3595.5,1348
2022-10-03 04:01:58,11,-5,3595.25,1343
2022-10-03 04:01:59,7,7,3595.5,1350
2022-10-03 04:02:00,177,-158,3595.75,1192
2022-10-03 04:02:01,1,1,3595.75,1193
2022-10-03 04:02:02,5,1,3595.75,1194
2022-10-03 04:02:03,8,-6,3596.0,1188
2022-10-03 04:02:04,37,-10,3595.75,1178
2022-10-03 04:02:05,14,-4,3595.25,1174
2022-10-03 04:02:06,5,0,3595.0,1174
2022-10-03 04:02:07,45,-22,3595.0,1152
2022-10-03 04:02:08,31,6,3594.75,1158
2022-10-03 04:02:09,9,-6,3594.5,1152
2022-10-03 04:02:10,42,-11,3594.5,1141
2022-10-03 04:02:11,3,-1,3594.5,1140
2022-10-03 04:02:12,4,-2,3594.75,1138
2022-10-03 04:02:13,14,2,3595.0,1140
2022-10-03 04:02:14,16,0,3594.75,1140
2022-10-03 04:02:15,58,-22,3594.5,1118
2022-10-03 04:02:16,3,1,3594.25,1119
2022-10-03 04:02:17,21,-7,3594.25,1112
2022-10-03 04:02:18,38,1,3594.25,1113
2022-10-03 04:02:19,14,6,3594.25,1119
2022-10-03 04:02:20,5,-1,3594.5,1118
2022-10-03 04:02:21,13,3,3594.75,1121
2022-10-03 04:02:22,23,7,3595.0,1128
2022-10-03 04:02:23,7,1,3595.0,1129
2022-10-03 04:02:24,4,-2,3595.0,1127
2022-10-03 04:02:25,66,22,3595.5,1149
2022-10-03 04:02:26,2,-2,3595.25,1147
2022-10-03 04:02:27,19,-16,3595.25,1131
2022-10-03 04:02:28,49,38,3595.25,1169
2022-10-03 04:02:29,4,-4,3595.0,1165
2022-10-03 04:02:30,12,11,3595.25,1176
2022-10-03 04:02:31,16,-8,3595.5,1168
2022-10-03 04:02:32,24,-14,3595.5,1154
2022-10-03 04:02:33,6,-4,3595.25,1150
2022-10-03 04:02:34,4,-2,3595.5,1148
2022-10-03 04:02:35,3,-3,3595.0,1145
2022-10-03 04:02:36,5,-5,3595.0,1140
2022-10-03 04:02:37,5,-5,3595.0,1135
2022-10-03 04:02:38,7,5,3595.5,1140
2022-10-03 04:02:39,5,-3,3595.25,1137
2022-10-03 04:02:40,13,-4,3595.25,1133
2022-10-03 04:02:41,6,0,3595.0,1133
2022-10-03 04:02:43,7,-1,3595.0,1132
2022-10-03 04:02:44,20,10,3595.0,1142
2022-10-03 04:02:45,3,-3,3595.0,1139
2022-10-03 04:02:46,11,3,3595.5,1142
2022-10-03 04:02:47,3,-3,3595.5,1139
2022-10-03 04:02:48,3,-1,3595.5,1138
2022-10-03 04:02:49,6,-2,3595.5,1136
2022-10-03 04:02:50,16,-2,3595.75,1134
2022-10-03 04:02:51,8,-2,3595.75,1132
2022-10-03 04:02:52,1,-1,3595.5,1131
2022-10-03 04:02:53,20,4,3595.25,1135
2022-10-03 04:02:54,1,-1,3595.0,1134
2022-10-03 04:02:56,22,-10,3594.75,1124
2022-10-03 04:02:57,38,-23,3594.0,1101
2022-10-03 04:02:58,7,1,3593.75,1102
2022-10-03 04:02:59,25,-3,3594.25,1099
2022-10-03 04:03:00,13,7,3594.5,1106
2022-10-03 04:03:01,18,-10,3594.75,1096
2022-10-03 04:03:02,3,-1,3594.25,1095
2022-10-03 04:03:03,134,-66,3594.0,1029
2022-10-03 04:03:04,53,-9,3593.5,1020
2022-10-03 04:03:05,3,-3,3593.25,1017
2022-10-03 04:03:06,13,5,3593.5,1022
2022-10-03 04:03:07,13,-3,3593.75,1019
2022-10-03 04:03:08,9,3,3594.0,1022
2022-10-03 04:03:09,2,2,3594.0,1024
2022-10-03 04:03:10,8,-4,3594.25,1020
2022-10-03 04:03:11,26,-20,3594.0,1000
2022-10-03 04:03:12,25,-1,3593.5,999
2022-10-03 04:03:13,10,-2,3593.5,997
2022-10-03 04:03:14,1,-1,3593.25,996
2022-10-03 04:03:15,8,0,3593.5,996
2022-10-03 04:03:16,11,1,3593.5,997
2022-10-03 04:03:17,8,6,3593.5,1003
2022-10-03 04:03:18,10,-6,3593.25,997
2022-10-03 04:03:19,1,1,3593.25,998
2022-10-03 04:03:20,10,0,3593.25,998
2022-10-03 04:03:21,17,-7,3593.25,991
2022-10-03 04:03:22,32,-12,3593.25,979
2022-10-03 04:03:23,1,-1,3593.0,978
2022-10-03 04:03:24,20,-10,3593.25,968
2022-10-03 04:03:25,1,-1,3593.0,967
2022-10-03 04:03:26,1,-1,3593.0,966
2022-10-03 04:03:27,5,-1,3593.25,965
2022-10-03 04:03:29,29,6,3593.5,971
2022-10-03 04:03:30,8,-7,3593.5,964
2022-10-03 04:03:31,11,-3,3593.25,961
2022-10-03 04:03:32,44,-1,3593.25,960
2022-10-03 04:03:33,11,-9,3593.0,951
2022-10-03 04:03:34,35,2,3593.0,953
2022-10-03 04:03:35,19,2,3592.75,955
2022-10-03 04:03:36,10,3,3592.75,958
2022-10-03 04:03:37,11,-3,3593.0,955
2022-10-03 04:03:38,7,-3,3593.25,952
2022-10-03 04:03:39,4,-4,3593.0,948
2022-10-03 04:03:40,3,-2,3593.0,946
2022-10-03 04:03:41,375,292,3595.5,1238
2022-10-03 04:03:42,40,4,3595.25,1242
2022-10-03 04:03:43,12,-10,3595.25,1232
2022-10-03 04:03:44,2,-2,3595.0,1230
2022-10-03 04:03:45,1,-1,3595.0,1229
2022-10-03 04:03:46,23,-20,3595.0,1209
2022-10-03 04:03:47,1,-1,3594.75,1208
2022-10-03 04:03:48,2,2,3595.0,1210
2022-10-03 04:03:49,7,3,3595.0,1213
2022-10-03 04:03:50,39,-6,3595.25,1207
2022-10-03 04:03:51,2,0,3595.0,1207
2022-10-03 04:03:52,10,10,3595.5,1217
2022-10-03 04:03:53,2,0,3595.0,1217
2022-10-03 04:03:54,13,-3,3595.0,1214
2022-10-03 04:03:55,8,8,3595.0,1222
2022-10-03 04:03:56,8,-7,3595.0,1215
2022-10-03 04:03:57,49,15,3594.75,1230
2022-10-03 04:03:58,8,0,3594.75,1230
2022-10-03 04:03:59,57,10,3594.75,1240
2022-10-03 04:04:00,1,1,3594.75,1241
2022-10-03 04:04:01,51,9,3595.25,1250
2022-10-03 04:04:02,12,-1,3595.25,1249
2022-10-03 04:04:04,12,-6,3595.25,1243
2022-10-03 04:04:05,4,4,3595.5,1247
2022-10-03 04:04:06,10,4,3595.5,1251
2022-10-03 04:04:07,1,-1,3595.25,1250
2022-10-03 04:04:08,14,-8,3595.25,1242
2022-10-03 04:04:09,11,3,3595.5,1245
2022-10-03 04:04:10,3,2,3595.5,1247
2022-10-03 04:04:11,3,-1,3595.25,1246
2022-10-03 04:04:13,16,-5,3595.25,1241
2022-10-03 04:04:14,21,-7,3594.75,1234
2022-10-03 04:04:15,23,7,3594.5,1241
2022-10-03 04:04:16,8,2,3594.5,1243
2022-10-03 04:04:17,11,-3,3594.5,1240
2022-10-03 04:04:19,7,-1,3594.75,1239
2022-10-03 04:04:20,11,-1,3594.75,1238
2022-10-03 04:04:21,3,-3,3594.75,1235
2022-10-03 04:04:22,3,1,3594.75,1236
2022-10-03 04:04:23,22,2,3594.75,1238
2022-10-03 04:04:24,6,0,3594.75,1238
2022-10-03 04:04:25,15,8,3595.0,1246
2022-10-03 04:04:26,35,25,3594.5,1271
2022-10-03 04:04:27,9,-9,3594.25,1262
2022-10-03 04:04:28,40,-40,3594.25,1222
2022-10-03 04:04:29,1,1,3594.0,1223
2022-10-03 04:04:30,12,-10,3594.0,1213
2022-10-03 04:04:31,8,-1,3593.25,1212
2022-10-03 04:04:32,10,2,3593.5,1214
2022-10-03 04:04:33,1,-1,3593.25,1213
2022-10-03 04:04:34,38,-4,3593.25,1209
2022-10-03 04:04:35,27,-25,3593.0,1184
2022-10-03 04:04:36,8,0,3593.0,1184
2022-10-03 04:04:37,1,-1,3592.75,1183
2022-10-03 04:04:38,26,-3,3592.75,1180
2022-10-03 04:04:39,13,1,3592.5,1181
2022-10-03 04:04:40,8,2,3592.5,1183
2022-10-03 04:04:41,19,7,3592.75,1190
2022-10-03 04:04:42,9,3,3592.75,1193
2022-10-03 04:04:43,12,2,3592.75,1195
2022-10-03 04:04:44,5,-3,3593.0,1192
2022-10-03 04:04:45,12,0,3593.0,1192
2022-10-03 04:04:46,1,1,3593.0,1193
2022-10-03 04:04:47,7,1,3593.25,1194
2022-10-03 04:04:48,28,7,3593.0,1201
2022-10-03 04:04:49,35,-6,3593.25,1195
2022-10-03 04:04:50,3,3,3593.25,1198
2022-10-03 04:04:51,2,-2,3593.25,1196
2022-10-03 04:04:52,14,-8,3593.25,1188
2022-10-03 04:04:53,4,-3,3593.0,1185
2022-10-03 04:04:55,3,1,3593.0,1186
2022-10-03 04:04:56,16,-13,3593.25,1173
2022-10-03 04:04:57,2,2,3593.25,1175
2022-10-03 04:04:58,12,-3,3593.25,1172
2022-10-03 04:04:59,4,-2,3593.0,1170
2022-10-03 04:05:00,6,6,3593.25,1176
2022-10-03 04:05:01,17,-6,3593.0,1170
2022-10-03 04:05:02,20,-8,3592.5,1162
2022-10-03 04:05:03,31,-28,3592.25,1134
2022-10-03 04:05:04,21,-16,3591.75,1118
2022-10-03 04:05:05,13,-3,3591.5,1115
2022-10-03 04:05:06,41,-12,3591.5,1103
2022-10-03 04:05:07,21,-3,3591.5,1100
2022-10-03 04:05:08,2,0,3591.5,1100
2022-10-03 04:05:09,2,2,3591.5,1102
2022-10-03 04:05:10,13,1,3591.5,1103
2022-10-03 04:05:11,10,-4,3591.25,1099
2022-10-03 04:05:12,1,-1,3591.25,1098
2022-10-03 04:05:13,39,-17,3591.25,1081
2022-10-03 04:05:15,14,5,3591.25,1086
2022-10-03 04:05:16,13,-3,3591.25,1083
2022-10-03 04:05:17,5,1,3591.5,1084
2022-10-03 04:05:18,7,-3,3591.5,1081
2022-10-03 04:05:19,16,-2,3591.5,1079
2022-10-03 04:05:20,26,17,3591.75,1096
2022-10-03 04:05:21,8,-1,3592.25,1095
2022-10-03 04:05:22,28,-9,3592.5,1086
2022-10-03 04:05:23,13,0,3591.75,1086
2022-10-03 04:05:25,13,-2,3592.0,1084
2022-10-03 04:05:26,14,-6,3591.5,1078
2022-10-03 04:05:27,2,2,3591.5,1080
2022-10-03 04:05:28,1,1,3591.5,1081
2022-10-03 04:05:29,8,5,3591.5,1086
2022-10-03 04:05:30,12,-6,3591.5,1080
2022-10-03 04:05:31,1,1,3591.25,1081
2022-10-03 04:05:32,1,-1,3591.0,1080
2022-10-03 04:05:33,36,9,3591.5,1089
2022-10-03 04:05:34,13,-5,3591.5,1084
2022-10-03 04:05:36,4,4,3591.5,1088
2022-10-03 04:05:37,37,-5,3593.0,1083
2022-10-03 04:05:38,14,4,3593.0,1087
2022-10-03 04:05:39,11,-4,3592.75,1083
2022-10-03 04:05:40,3,1,3592.75,1084
2022-10-03 04:05:41,13,-1,3592.75,1083
2022-10-03 04:05:42,25,9,3593.25,1092
2022-10-03 04:05:43,23,4,3593.0,1096
2022-10-03 04:05:44,3,3,3593.0,1099
2022-10-03 04:05:45,7,-3,3593.25,1096
2022-10-03 04:05:46,12,0,3593.25,1096
2022-10-03 04:05:47,21,-3,3593.25,1093
2022-10-03 04:05:48,6,4,3593.25,1097
2022-10-03 04:05:49,10,0,3593.0,1097
2022-10-03 04:05:50,1,1,3593.25,1098
2022-10-03 04:05:51,10,-2,3593.0,1096
2022-10-03 04:05:52,24,-11,3592.75,1085
2022-10-03 04:05:53,14,6,3592.5,1091
2022-10-03 04:05:54,1,-1,3592.5,1090
2022-10-03 04:05:55,7,-1,3592.75,1089
2022-10-03 04:05:56,11,0,3592.5,1089
2022-10-03 04:05:57,1,-1,3591.75,1088
2022-10-03 04:05:58,11,10,3592.0,1098
2022-10-03 04:06:00,51,22,3592.25,1120
2022-10-03 04:06:01,5,3,3592.0,1123
2022-10-03 04:06:02,21,3,3592.5,1126
2022-10-03 04:06:03,1,-1,3592.5,1125
2022-10-03 04:06:04,2,2,3592.5,1127
2022-10-03 04:06:05,15,10,3593.0,1137
2022-10-03 04:06:06,9,-1,3593.25,1136
2022-10-03 04:06:07,16,4,3593.75,1140
2022-10-03 04:06:08,5,-3,3593.5,1137
2022-10-03 04:06:09,9,-3,3593.25,1134
2022-10-03 04:06:11,4,-4,3593.0,1130
2022-10-03 04:06:12,5,5,3593.0,1135
2022-10-03 04:06:13,1,-1,3592.75,1134
2022-10-03 04:06:14,1,-1,3593.0,1133
2022-10-03 04:06:15,47,23,3592.75,1156
2022-10-03 04:06:16,10,-4,3592.75,1152
2022-10-03 04:06:18,4,-2,3592.75,1150
2022-10-03 04:06:19,5,5,3592.5,1155
2022-10-03 04:06:21,8,-8,3592.5,1147
2022-10-03 04:06:23,18,4,3592.5,1151
2022-10-03 04:06:24,37,-6,3592.5,1145
2022-10-03 04:06:25,18,-4,3592.0,1141
2022-10-03 04:06:26,7,-5,3591.75,1136
2022-10-03 04:06:27,12,3,3591.75,1139
2022-10-03 04:06:29,19,1,3592.0,1140
2022-10-03 04:06:30,23,13,3592.0,1153
2022-10-03 04:06:31,27,-1,3592.0,1152
2022-10-03 04:06:32,43,-9,3592.25,1143
2022-10-03 04:06:33,27,9,3592.25,1152
2022-10-03 04:06:34,18,-4,3592.75,1148
2022-10-03 04:06:35,35,6,3593.0,1154
2022-10-03 04:06:36,22,3,3592.5,1157
2022-10-03 04:06:37,2,2,3592.5,1159
2022-10-03 04:06:39,3,-1,3592.75,1158
2022-10-03 04:06:40,5,-3,3592.5,1155
2022-10-03 04:06:41,2,0,3592.25,1155
2022-10-03 04:06:42,9,2,3592.75,1157
2022-10-03 04:06:43,3,-3,3592.5,1154
2022-10-03 04:06:44,4,2,3593.0,1156
2022-10-03 04:06:45,4,4,3593.0,1160
2022-10-03 04:06:46,15,-1,3593.25,1159
2022-10-03 04:06:47,7,7,3593.5,1166
2022-10-03 04:06:48,12,-8,3593.5,1158
2022-10-03 04:06:49,24,8,3593.25,1166
2022-10-03 04:06:50,1,-1,3593.0,1165
2022-10-03 04:06:51,55,-24,3593.0,1141
2022-10-03 04:06:53,30,27,3592.5,1168
2022-10-03 04:06:54,4,2,3592.25,1170
2022-10-03 04:06:55,5,1,3592.5,1171
2022-10-03 04:06:56,3,-1,3592.25,1170
2022-10-03 04:06:57,15,3,3592.5,1173
2022-10-03 04:07:00,1,-1,3592.25,1172
2022-10-03 04:07:01,5,1,3592.0,1173
2022-10-03 04:07:02,15,-8,3591.75,1165
2022-10-03 04:07:03,17,9,3592.0,1174
2022-10-03 04:07:04,37,7,3592.25,1181
2022-10-03 04:07:06,1,-1,3592.0,1180
2022-10-03 04:07:07,3,1,3592.25,1181
2022-10-03 04:07:09,3,-1,3592.5,1180
2022-10-03 04:07:10,15,12,3593.0,1192
2022-10-03 04:07:12,1,-1,3593.0,1191
2022-10-03 04:07:13,3,1,3593.25,1192
2022-10-03 04:07:14,3,-3,3593.25,1189
2022-10-03 04:07:15,15,-6,3593.0,1183
2022-10-03 04:07:16,2,-1,3593.0,1182
2022-10-03 04:07:17,6,-2,3592.75,1180
2022-10-03 04:07:18,10,-6,3592.25,1174
2022-10-03 04:07:19,37,-32,3592.0,1142
2022-10-03 04:07:20,31,3,3592.0,1145
2022-10-03 04:07:21,3,0,3591.5,1145
2022-10-03 04:07:22,18,1,3591.75,1146
2022-10-03 04:07:23,1,1,3591.75,1147
2022-10-03 04:07:24,1,1,3591.75,1148
2022-10-03 04:07:26,1,-1,3591.5,1147
2022-10-03 04:07:27,5,0,3591.75,1147
2022-10-03 04:07:28,3,1,3591.75,1148
2022-10-03 04:07:29,14,6,3591.75,1154
2022-10-03 04:07:30,3,-1,3592.0,1153
2022-10-03 04:07:31,4,-2,3591.75,1151
2022-10-03 04:07:32,8,-8,3591.75,1143
2022-10-03 04:07:33,1,-1,3591.5,1142
2022-10-03 04:07:34,2,0,3591.75,1142
2022-10-03 04:07:35,33,10,3592.75,1152
2022-10-03 04:07:36,5,5,3592.75,1157
2022-10-03 04:07:37,9,-3,3592.5,1154
2022-10-03 04:07:38,11,-7,3592.25,1147
2022-10-03 04:07:40,3,-3,3592.0,1144
2022-10-03 04:07:42,17,11,3592.5,1155
2022-10-03 04:07:43,3,-1,3592.25,1154
2022-10-03 04:07:45,5,3,3592.5,1157
2022-10-03 04:07:46,2,0,3592.5,1157
2022-10-03 04:07:49,1,1,3592.25,1158
2022-10-03 04:07:50,1,1,3592.25,1159
2022-10-03 04:07:51,6,-6,3592.0,1153
2022-10-03 04:07:52,28,36,3592.5,1189
2022-10-03 04:07:53,34,9,3593.25,1198
2022-10-03 04:07:54,17,1,3593.5,1199
2022-10-03 04:07:55,29,16,3593.5,1215
2022-10-03 04:07:56,32,3,3594.0,1218
2022-10-03 04:07:57,3,1,3593.5,1219
2022-10-03 04:07:58,5,-5,3593.25,1214
2022-10-03 04:07:59,2,1,3593.25,1215
2022-10-03 04:08:00,3,-3,3593.0,1212
2022-10-03 04:08:01,93,-51,3592.75,1161
2022-10-03 04:08:02,4,-4,3592.25,1157
2022-10-03 04:08:03,17,-8,3592.25,1149
2022-10-03 04:08:04,16,15,3593.0,1164
2022-10-03 04:08:05,8,2,3593.0,1166
2022-10-03 04:08:06,3,-3,3593.0,1163
2022-10-03 04:08:07,4,0,3593.5,1163
2022-10-03 04:08:08,3,-3,3593.5,1160
2022-10-03 04:08:09,1,-1,3593.5,1159
2022-10-03 04:08:10,22,6,3593.5,1165
2022-10-03 04:08:11,34,24,3593.5,1189
2022-10-03 04:08:12,9,-5,3593.5,1184
2022-10-03 04:08:13,27,11,3594.25,1195
2022-10-03 04:08:14,4,0,3594.0,1195
2022-10-03 04:08:15,14,-4,3594.0,1191
2022-10-03 04:08:16,12,4,3593.75,1195
2022-10-03 04:08:17,7,7,3594.0,1202
2022-10-03 04:08:18,12,-10,3593.5,1192
2022-10-03 04:08:19,30,1,3593.5,1193
2022-10-03 04:08:20,5,1,3593.25,1194
2022-10-03 04:08:21,12,9,3593.5,1203
2022-10-03 04:08:22,16,3,3593.75,1206
2022-10-03 04:08:23,9,1,3594.0,1207
2022-10-03 04:08:25,2,-2,3593.5,1205
2022-10-03 04:08:26,1,-1,3593.25,1204
2022-10-03 04:08:27,15,-3,3593.25,1201
2022-10-03 04:08:28,8,-5,3593.25,1196
2022-10-03 04:08:29,6,2,3593.25,1198
2022-10-03 04:08:30,3,1,3593.25,1199
2022-10-03 04:08:31,5,1,3593.25,1200
2022-10-03 04:08:33,30,-13,3593.25,1187
2022-10-03 04:08:34,2,0,3592.75,1187
2022-10-03 04:08:35,38,17,3593.25,1204
2022-10-03 04:08:36,13,-3,3593.0,1201
2022-10-03 04:08:38,5,5,3592.75,1206
2022-10-03 04:08:39,1,-1,3592.75,1205
2022-10-03 04:08:40,48,-38,3592.75,1167
2022-10-03 04:08:41,17,3,3592.25,1170
2022-10-03 04:08:42,4,2,3592.5,1172
2022-10-03 04:08:43,6,-1,3592.25,1171
2022-10-03 04:08:44,21,-18,3592.25,1153
2022-10-03 04:08:46,45,31,3592.75,1184
2022-10-03 04:08:47,1,-1,3592.5,1183
2022-10-03 04:08:48,29,-1,3592.75,1182
2022-10-03 04:08:51,44,13,3593.25,1195
2022-10-03 04:08:52,3,-1,3593.0,1194
2022-10-03 04:08:53,46,7,3593.25,1201
2022-10-03 04:08:54,7,-6,3592.75,1195
2022-10-03 04:08:55,1,1,3592.75,1196
2022-10-03 04:08:56,23,11,3592.75,1207
2022-10-03 04:08:57,6,-2,3593.0,1205
2022-10-03 04:08:58,10,-10,3592.75,1195
2022-10-03 04:08:59,4,2,3592.75,1197
2022-10-03 04:09:00,13,1,3592.5,1198
2022-10-03 04:09:01,5,5,3592.75,1203
2022-10-03 04:09:02,9,5,3592.5,1208
2022-10-03 04:09:03,12,11,3593.0,1219
2022-10-03 04:09:04,16,7,3593.25,1226
2022-10-03 04:09:05,6,-2,3593.25,1224
2022-10-03 04:09:07,8,2,3593.0,1226
2022-10-03 04:09:08,4,4,3593.0,1230
2022-10-03 04:09:09,10,-6,3592.75,1224
2022-10-03 04:09:10,4,-4,3592.75,1220
2022-10-03 04:09:11,4,-2,3592.75,1218
2022-10-03 04:09:12,4,-2,3592.75,1216
2022-10-03 04:09:13,13,3,3592.75,1219
2022-10-03 04:09:14,28,10,3592.5,1229
2022-10-03 04:09:15,8,-2,3592.5,1227
2022-10-03 04:09:16,2,-2,3592.25,1225
2022-10-03 04:09:18,28,-6,3592.25,1219
2022-10-03 04:09:19,2,0,3592.0,1219
2022-10-03 04:09:20,23,9,3592.5,1228
2022-10-03 04:09:21,10,4,3592.5,1232
2022-10-03 04:09:22,1,1,3592.5,1233
2022-10-03 04:09:23,1,-1,3592.5,1232
2022-10-03 04:09:25,14,-2,3592.75,1230
2022-10-03 04:09:26,7,0,3592.5,1230
2022-10-03 04:09:27,7,5,3592.5,1235
2022-10-03 04:09:30,4,0,3592.25,1235
2022-10-03 04:09:31,6,6,3592.5,1241
2022-10-03 04:09:32,15,13,3592.75,1254
2022-10-03 04:09:33,5,5,3592.75,1259
2022-10-03 04:09:34,4,0,3592.5,1259
2022-10-03 04:09:35,1,1,3592.5,1260
2022-10-03 04:09:36,3,3,3592.5,1263
2022-10-03 04:09:37,7,1,3592.5,1264
2022-10-03 04:09:38,2,2,3592.75,1266
2022-10-03 04:09:39,4,-4,3592.5,1262
2022-10-03 04:09:40,1,-1,3592.5,1261
2022-10-03 04:09:41,2,0,3592.5,1261
2022-10-03 04:09:42,11,3,3592.5,1264
2022-10-03 04:09:43,5,-3,3592.5,1261
2022-10-03 04:09:44,28,-22,3592.5,1239
2022-10-03 04:09:45,24,2,3592.0,1241
2022-10-03 04:09:48,8,4,3592.25,1245
2022-10-03 04:09:49,8,2,3592.25,1247
2022-10-03 04:09:50,5,-5,3592.0,1242
2022-10-03 04:09:51,34,-12,3592.25,1230
2022-10-03 04:09:52,16,-5,3592.0,1225
2022-10-03 04:09:53,24,14,3592.5,1239
2022-10-03 04:09:54,26,2,3593.0,1241
2022-10-03 04:09:55,41,11,3593.0,1252
2022-10-03 04:09:57,7,-3,3592.75,1249
2022-10-03 04:09:58,6,2,3592.75,1251
2022-10-03 04:09:59,3,1,3592.75,1252
2022-10-03 04:10:00,27,1,3592.5,1253
2022-10-03 04:10:01,19,3,3592.0,1256
2022-10-03 04:10:02,19,0,3591.75,1256
2022-10-03 04:10:03,10,1,3592.0,1257
2022-10-03 04:10:04,5,5,3592.25,1262
2022-10-03 04:10:05,5,0,3592.25,1262
2022-10-03 04:10:06,2,-2,3592.0,1260
2022-10-03 04:10:07,29,13,3592.75,1273
2022-10-03 04:10:08,14,5,3593.0,1278
2022-10-03 04:10:10,51,7,3593.5,1285
2022-10-03 04:10:11,13,-9,3593.25,1276
2022-10-03 04:10:12,12,-4,3593.25,1272
2022-10-03 04:10:13,1,1,3593.25,1273
2022-10-03 04:10:14,12,-19,3593.0,1254
2022-10-03 04:10:15,41,11,3593.25,1265
2022-10-03 04:10:16,3,-3,3593.25,1262
2022-10-03 04:10:17,2,-2,3593.25,1260
2022-10-03 04:10:18,4,3,3593.25,1263
2022-10-03 04:10:19,1,-1,3593.25,1262
2022-10-03 04:10:20,14,2,3593.25,1264
2022-10-03 04:10:21,51,24,3594.0,1288
2022-10-03 04:10:22,13,-7,3594.0,1281
2022-10-03 04:10:23,3,-3,3593.25,1278
2022-10-03 04:10:24,8,7,3593.5,1285
2022-10-03 04:10:25,13,-3,3593.5,1282
2022-10-03 04:10:26,3,-1,3593.25,1281
2022-10-03 04:10:27,2,0,3593.0,1281
2022-10-03 04:10:28,14,-13,3592.75,1268
2022-10-03 04:10:29,4,4,3593.0,1272
2022-10-03 04:10:30,2,-2,3593.0,1270
2022-10-03 04:10:32,24,16,3593.25,1286
2022-10-03 04:10:33,9,1,3593.5,1287
2022-10-03 04:10:35,5,5,3593.5,1292
2022-10-03 04:10:37,3,3,3593.5,1295
2022-10-03 04:10:38,3,-3,3593.5,1292
2022-10-03 04:10:39,3,3,3593.5,1295
2022-10-03 04:10:40,7,0,3593.75,1295
2022-10-03 04:10:41,2,-2,3593.75,1293
2022-10-03 04:10:42,16,-14,3593.5,1279
2022-10-03 04:10:44,3,-3,3592.75,1276
2022-10-03 04:10:45,3,-1,3592.75,1275
2022-10-03 04:10:46,6,0,3592.75,1275
2022-10-03 04:10:47,2,2,3593.0,1277
2022-10-03 04:10:48,4,-2,3593.0,1275
2022-10-03 04:10:50,4,-2,3592.5,1273
2022-10-03 04:10:51,56,-3,3592.25,1270
2022-10-03 04:10:52,13,-1,3592.25,1269
2022-10-03 04:10:53,3,1,3592.0,1270
2022-10-03 04:10:55,5,-3,3592.0,1267
2022-10-03 04:10:57,4,-2,3592.0,1265
2022-10-03 04:10:58,6,2,3592.0,1267
2022-10-03 04:10:59,10,2,3592.0,1269
2022-10-03 04:11:00,38,8,3592.5,1277
2022-10-03 04:11:01,13,-7,3592.75,1270
2022-10-03 04:11:02,10,4,3593.0,1274
2022-10-03 04:11:03,2,0,3593.0,1274
2022-10-03 04:11:04,5,1,3593.0,1275
2022-10-03 04:11:05,11,-11,3592.75,1264
2022-10-03 04:11:06,28,-2,3593.25,1262
2022-10-03 04:11:07,5,1,3592.75,1263
2022-10-03 04:11:08,4,-2,3592.75,1261
2022-10-03 04:11:11,13,2,3593.0,1263
2022-10-03 04:11:13,3,-3,3592.75,1260
2022-10-03 04:11:15,46,10,3593.25,1270
2022-10-03 04:11:16,6,2,3593.25,1272
2022-10-03 04:11:18,1,-1,3593.0,1271
2022-10-03 04:11:19,9,-2,3593.0,1269
2022-10-03 04:11:20,59,51,3593.25,1320
2022-10-03 04:11:21,10,-6,3593.25,1314
2022-10-03 04:11:22,2,0,3593.25,1314
2022-10-03 04:11:23,20,6,3594.0,1320
2022-10-03 04:11:24,4,-1,3594.0,1319
2022-10-03 04:11:25,1,1,3594.25,1320
2022-10-03 04:11:26,17,-2,3594.0,1318
2022-10-03 04:11:27,1,-1,3593.75,1317
2022-10-03 04:11:28,5,-4,3593.75,1313
2022-10-03 04:11:29,7,7,3594.25,1320
2022-10-03 04:11:30,7,-7,3594.0,1313
2022-10-03 04:11:31,2,2,3594.0,1315
2022-10-03 04:11:32,3,-3,3593.75,1312
2022-10-03 04:11:33,1,-1,3593.75,1311
2022-10-03 04:11:35,1,1,3594.0,1312
2022-10-03 04:11:36,3,1,3594.0,1313
2022-10-03 04:11:37,8,2,3594.0,1315
2022-10-03 04:11:38,9,-3,3594.0,1312
2022-10-03 04:11:40,5,-1,3593.75,1311
2022-10-03 04:11:41,1,1,3594.0,1312
2022-10-03 04:11:42,4,4,3594.0,1316
2022-10-03 04:11:43,4,-4,3593.75,1312
2022-10-03 04:11:44,5,-3,3594.0,1309
2022-10-03 04:11:45,3,-1,3594.0,1308
2022-10-03 04:11:49,8,2,3594.0,1310
2022-10-03 04:11:51,11,-7,3593.75,1303
2022-10-03 04:11:52,10,-4,3593.25,1299
2022-10-03 04:11:53,4,-2,3593.25,1297
2022-10-03 04:11:54,2,2,3593.25,1299
2022-10-03 04:11:55,2,0,3593.25,1299
2022-10-03 04:11:56,17,-7,3593.25,1292
2022-10-03 04:11:58,4,3,3593.5,1295
2022-10-03 04:12:00,13,-3,3593.5,1292
2022-10-03 04:12:01,5,-3,3593.5,1289
2022-10-03 04:12:02,18,0,3593.75,1289
2022-10-03 04:12:03,5,-1,3593.5,1288
2022-10-03 04:12:04,3,-1,3593.75,1287
2022-10-03 04:12:06,6,4,3593.75,1291
2022-10-03 04:12:07,5,-1,3593.75,1290
2022-10-03 04:12:08,9,-3,3593.75,1287
2022-10-03 04:12:09,12,-6,3593.75,1281
2022-10-03 04:12:10,2,0,3593.5,1281
2022-10-03 04:12:11,1,-1,3593.25,1280
2022-10-03 04:12:12,19,-13,3593.25,1267
2022-10-03 04:12:13,4,-3,3592.75,1264
2022-10-03 04:12:14,1,1,3592.75,1265
2022-10-03 04:12:15,7,-3,3592.75,1262
2022-10-03 04:12:16,8,-8,3592.5,1254
2022-10-03 04:12:17,20,-8,3592.75,1246
2022-10-03 04:12:18,45,-9,3592.75,1237
2022-10-03 04:12:19,9,-1,3592.5,1236
2022-10-03 04:12:20,11,0,3592.5,1236
2022-10-03 04:12:21,15,2,3593.0,1238
2022-10-03 04:12:22,9,5,3593.0,1243
2022-10-03 04:12:23,1,1,3592.75,1244
2022-10-03 04:12:25,5,-1,3592.75,1243
2022-10-03 04:12:26,1,-1,3592.5,1242
2022-10-03 04:12:27,4,4,3593.25,1246
2022-10-03 04:12:28,3,1,3593.25,1247
2022-10-03 04:12:30,5,-1,3593.25,1246
2022-10-03 04:12:31,3,1,3593.5,1247
2022-10-03 04:12:32,1,1,3593.25,1248
2022-10-03 04:12:33,12,-4,3593.5,1244
2022-10-03 04:12:34,3,-1,3593.5,1243
2022-10-03 04:12:35,2,-2,3593.5,1241
2022-10-03 04:12:36,2,-2,3593.5,1239
2022-10-03 04:12:38,6,2,3593.5,1241
2022-10-03 04:12:39,11,10,3593.5,1251
2022-10-03 04:12:40,1,1,3593.75,1252
2022-10-03 04:12:41,7,-1,3594.0,1251
2022-10-03 04:12:42,21,13,3594.5,1264
2022-10-03 04:12:43,15,6,3594.5,1270
2022-10-03 04:12:44,5,-3,3594.5,1267
2022-10-03 04:12:45,24,10,3594.5,1277
2022-10-03 04:12:46,6,-1,3594.5,1276
2022-10-03 04:12:47,30,-21,3594.5,1255
2022-10-03 04:12:48,8,0,3594.5,1255
2022-10-03 04:12:49,2,2,3594.25,1257
2022-10-03 04:12:50,5,3,3594.5,1260
2022-10-03 04:12:51,13,-8,3594.5,1252
2022-10-03 04:12:52,1,-1,3594.0,1251
2022-10-03 04:12:53,5,-3,3594.25,1248
2022-10-03 04:12:55,1,1,3594.25,1249
2022-10-03 04:12:56,2,0,3594.25,1249
2022-10-03 04:12:57,10,2,3594.0,1251
2022-10-03 04:12:59,5,-1,3594.0,1250
2022-10-03 04:13:00,7,1,3594.25,1251
2022-10-03 04:13:01,1,1,3594.25,1252
2022-10-03 04:13:02,9,5,3594.75,1257
2022-10-03 04:13:03,4,-2,3594.5,1255
2022-10-03 04:13:04,37,16,3594.75,1271
2022-10-03 04:13:05,38,19,3595.0,1290
2022-10-03 04:13:06,81,8,3595.5,1298
2022-10-03 04:13:07,9,3,3595.25,1301
2022-10-03 04:13:08,32,18,3595.0,1319
2022-10-03 04:13:09,4,3,3595.0,1322
2022-10-03 04:13:11,14,14,3595.0,1336
2022-10-03 04:13:12,26,-10,3595.0,1326
2022-10-03 04:13:13,4,-4,3594.75,1322
2022-10-03 04:13:14,3,3,3594.5,1325
2022-10-03 04:13:15,4,2,3594.5,1327
2022-10-03 04:13:16,20,12,3594.75,1339
2022-10-03 04:13:17,19,13,3595.0,1352
2022-10-03 04:13:19,48,26,3595.5,1378
2022-10-03 04:13:20,25,-1,3595.5,1377
2022-10-03 04:13:21,10,0,3595.5,1377
2022-10-03 04:13:22,4,4,3595.5,1381
2022-10-03 04:13:24,36,0,3595.75,1381
2022-10-03 04:13:25,8,-6,3595.25,1375
2022-10-03 04:13:26,1,-1,3595.0,1374
2022-10-03 04:13:27,18,-19,3595.0,1355
2022-10-03 04:13:28,19,-13,3595.0,1342
2022-10-03 04:13:29,7,-1,3594.75,1341
2022-10-03 04:13:30,2,2,3594.75,1343
2022-10-03 04:13:31,8,4,3595.0,1347
2022-10-03 04:13:32,3,3,3595.25,1350
2022-10-03 04:13:33,3,-1,3595.5,1349
2022-10-03 04:13:34,4,0,3595.5,1349
2022-10-03 04:13:35,3,3,3595.75,1352
2022-10-03 04:13:36,20,8,3595.75,1360
2022-10-03 04:13:37,20,-5,3596.0,1355
2022-10-03 04:13:39,13,5,3595.75,1360
2022-10-03 04:13:40,26,9,3595.75,1369
2022-10-03 04:13:41,4,0,3595.75,1369
2022-10-03 04:13:42,2,2,3595.75,1371
2022-10-03 04:13:43,41,-7,3595.75,1364
2022-10-03 04:13:44,38,-4,3595.25,1360
2022-10-03 04:13:45,16,-6,3595.25,1354
2022-10-03 04:13:46,5,5,3595.25,1359
2022-10-03 04:13:47,24,3,3595.25,1362
2022-10-03 04:13:48,46,20,3595.75,1382
2022-10-03 04:13:49,23,-7,3596.0,1375
2022-10-03 04:13:50,78,14,3596.25,1389
2022-10-03 04:13:51,36,-13,3595.5,1376
2022-10-03 04:13:53,28,-13,3595.25,1363
2022-10-03 04:13:54,1,-1,3595.0,1362
2022-10-03 04:13:55,2,-2,3595.0,1360
2022-10-03 04:13:56,2,2,3595.25,1362
2022-10-03 04:13:57,3,1,3595.25,1363
2022-10-03 04:13:58,6,6,3595.0,1369
2022-10-03 04:14:00,29,-5,3595.0,1364
2022-10-03 04:14:01,11,-4,3595.0,1360
2022-10-03 04:14:02,3,3,3595.25,1363
2022-10-03 04:14:03,7,-5,3595.0,1358
2022-10-03 04:14:04,7,3,3595.0,1361
2022-10-03 04:14:05,2,0,3595.0,1361
2022-10-03 04:14:06,8,2,3594.75,1363
2022-10-03 04:14:07,6,-4,3594.75,1359
2022-10-03 04:14:08,5,0,3594.5,1359
2022-10-03 04:14:10,16,-4,3594.25,1355
2022-10-03 04:14:11,4,2,3594.25,1357
2022-10-03 04:14:12,2,-2,3594.0,1355
2022-10-03 04:14:14,30,-8,3594.0,1347
2022-10-03 04:14:15,13,-3,3593.75,1344
2022-10-03 04:14:16,5,0,3594.0,1344
2022-10-03 04:14:17,15,-5,3594.0,1339
2022-10-03 04:14:19,2,2,3594.25,1341
2022-10-03 04:14:21,7,-5,3594.0,1336
2022-10-03 04:14:22,1,-1,3594.0,1335
2022-10-03 04:14:24,6,3,3594.5,1338
2022-10-03 04:14:25,10,8,3595.25,1346
2022-10-03 04:14:26,13,-10,3595.25,1336
2022-10-03 04:14:27,1,1,3595.5,1337
2022-10-03 04:14:28,6,-3,3595.25,1334
2022-10-03 04:14:30,5,5,3595.25,1339
2022-10-03 04:14:31,12,-2,3595.5,1337
2022-10-03 04:14:32,12,-1,3595.5,1336
2022-10-03 04:14:33,9,4,3595.75,1340
2022-10-03 04:14:34,6,-6,3595.5,1334
2022-10-03 04:14:35,4,-4,3595.75,1330
2022-10-03 04:14:36,13,7,3595.75,1337
2022-10-03 04:14:37,2,0,3595.5,1337
2022-10-03 04:14:39,34,24,3596.0,1361
2022-10-03 04:14:41,6,0,3595.5,1361
2022-10-03 04:14:42,4,-2,3595.5,1359
2022-10-03 04:14:43,18,-4,3595.25,1355
2022-10-03 04:14:44,3,3,3595.5,1358
2022-10-03 04:14:45,1,1,3595.5,1359
2022-10-03 04:14:46,12,4,3595.75,1363
2022-10-03 04:14:47,9,1,3596.0,1364
2022-10-03 04:14:49,1,-1,3595.75,1363
2022-10-03 04:14:53,2,-2,3595.75,1361
2022-10-03 04:14:55,3,3,3595.75,1364
2022-10-03 04:14:56,3,3,3595.75,1367
2022-10-03 04:14:57,7,-1,3595.75,1366
2022-10-03 04:14:58,1,1,3596.0,1367
2022-10-03 04:14:59,27,3,3596.0,1370
2022-10-03 04:15:00,4,-2,3595.75,1368
2022-10-03 04:15:01,6,-4,3595.75,1364
2022-10-03 04:15:02,16,5,3596.0,1369
2022-10-03 04:15:03,19,3,3596.0,1372
2022-10-03 04:15:05,1,1,3596.0,1373
2022-10-03 04:15:06,24,-14,3595.75,1359
2022-10-03 04:15:07,2,0,3595.75,1359
2022-10-03 04:15:08,3,1,3595.75,1360
2022-10-03 04:15:09,3,-1,3595.75,1359
2022-10-03 04:15:10,1,-1,3595.75,1358
2022-10-03 04:15:11,2,0,3595.75,1358
2022-10-03 04:15:12,32,8,3596.0,1366
2022-10-03 04:15:13,10,0,3596.5,1366
2022-10-03 04:15:15,33,27,3597.0,1393
2022-10-03 04:15:16,11,-9,3597.0,1384
2022-10-03 04:15:17,4,2,3597.0,1386
2022-10-03 04:15:18,4,2,3597.0,1388
2022-10-03 04:15:19,82,-80,3596.75,1308
2022-10-03 04:15:20,2,0,3597.0,1308
2022-10-03 04:15:21,47,64,3597.5,1372
2022-10-03 04:15:22,17,5,3597.5,1377
2022-10-03 04:15:23,13,-3,3597.25,1374
2022-10-03 04:15:24,1,1,3597.25,1375
2022-10-03 04:15:25,8,-2,3597.25,1373
2022-10-03 04:15:26,1,1,3597.25,1374
2022-10-03 04:15:27,2,-1,3597.0,1373
2022-10-03 04:15:28,1,-1,3597.0,1372
2022-10-03 04:15:30,6,2,3597.25,1374
2022-10-03 04:15:31,11,3,3597.25,1377
2022-10-03 04:15:33,8,-2,3597.25,1375
2022-10-03 04:15:34,1,-1,3597.25,1374
2022-10-03 04:15:35,12,3,3597.5,1377
2022-10-03 04:15:36,6,4,3597.25,1381
2022-10-03 04:15:37,24,-8,3597.5,1373
2022-10-03 04:15:38,1,1,3597.5,1374
2022-10-03 04:15:39,8,4,3597.5,1378
2022-10-03 04:15:40,2,-2,3597.0,1376
2022-10-03 04:15:42,7,1,3597.25,1377
2022-10-03 04:15:44,15,2,3597.5,1379
2022-10-03 04:15:45,14,3,3597.25,1382
2022-10-03 04:15:46,4,4,3597.0,1386
2022-10-03 04:15:47,7,1,3596.75,1387
2022-10-03 04:15:48,19,16,3597.0,1403
2022-10-03 04:15:49,3,-1,3597.0,1402
2022-10-03 04:15:50,16,16,3597.5,1418
2022-10-03 04:15:51,12,1,3597.5,1419
2022-10-03 04:15:52,3,-1,3597.25,1418
2022-10-03 04:15:53,1,-1,3597.0,1417
2022-10-03 04:15:55,3,3,3597.5,1420
2022-10-03 04:15:56,1,-1,3597.0,1419
2022-10-03 04:15:57,14,14,3597.5,1433
2022-10-03 04:15:58,17,10,3598.0,1443
2022-10-03 04:16:00,20,-1,3597.75,1442
2022-10-03 04:16:01,13,-1,3597.25,1441
2022-10-03 04:16:02,15,0,3597.0,1441
2022-10-03 04:16:03,24,10,3597.5,1451
2022-10-03 04:16:04,3,-3,3597.5,1448
2022-10-03 04:16:05,6,0,3597.75,1448
2022-10-03 04:16:06,12,-4,3597.5,1444
2022-10-03 04:16:07,15,12,3598.0,1456
2022-10-03 04:16:08,11,-3,3597.75,1453
2022-10-03 04:16:11,10,0,3597.5,1453
2022-10-03 04:16:12,23,10,3597.0,1463
2022-10-03 04:16:13,12,0,3597.25,1463
2022-10-03 04:16:14,9,-3,3596.75,1460
2022-10-03 04:16:15,7,6,3597.0,1466
2022-10-03 04:16:16,12,-10,3596.75,1456
2022-10-03 04:16:17,2,2,3596.75,1458
2022-10-03 04:16:18,2,0,3596.75,1458
2022-10-03 04:16:19,2,0,3596.75,1458
2022-10-03 04:16:20,3,3,3597.0,1461
2022-10-03 04:16:21,4,-2,3596.75,1459
2022-10-03 04:16:23,7,-3,3596.75,1456
2022-10-03 04:16:24,9,3,3597.0,1459
2022-10-03 04:16:25,6,-4,3596.75,1455
2022-10-03 04:16:26,1,-1,3596.75,1454
2022-10-03 04:16:27,3,1,3596.75,1455
2022-10-03 04:16:28,2,2,3597.0,1457
2022-10-03 04:16:30,1,-1,3597.0,1456
2022-10-03 04:16:31,2,-2,3596.75,1454
2022-10-03 04:16:33,11,-5,3596.75,1449
2022-10-03 04:16:35,1,1,3596.5,1450
2022-10-03 04:16:36,12,-5,3596.5,1445
2022-10-03 04:16:37,2,-2,3596.25,1443
2022-10-03 04:16:38,21,-9,3596.0,1434
2022-10-03 04:16:39,15,-3,3595.5,1431
2022-10-03 04:16:40,8,-4,3595.5,1427
2022-10-03 04:16:41,20,1,3595.5,1428
2022-10-03 04:16:42,2,2,3595.5,1430
2022-10-03 04:16:43,4,-4,3595.25,1426
2022-10-03 04:16:44,26,-23,3595.75,1403
2022-10-03 04:16:45,30,-14,3595.5,1389
2022-10-03 04:16:46,12,10,3595.75,1399
2022-10-03 04:16:47,12,-2,3595.25,1397
2022-10-03 04:16:48,13,7,3595.5,1404
2022-10-03 04:16:49,35,-5,3595.25,1399
2022-10-03 04:16:50,10,2,3595.5,1401
2022-10-03 04:16:51,6,6,3595.5,1407
2022-10-03 04:16:52,28,32,3596.0,1439
2022-10-03 04:16:53,6,-4,3596.0,1435
2022-10-03 04:16:54,6,-6,3595.75,1429
2022-10-03 04:16:55,8,-6,3595.5,1423
2022-10-03 04:16:56,1,1,3595.5,1424
2022-10-03 04:16:57,3,3,3595.75,1427
2022-10-03 04:16:58,5,-5,3595.5,1422
2022-10-03 04:16:59,10,4,3595.5,1426
2022-10-03 04:17:00,10,0,3595.5,1426
2022-10-03 04:17:01,2,2,3595.5,1428
2022-10-03 04:17:02,7,1,3595.5,1429
2022-10-03 04:17:03,1,-1,3595.25,1428
2022-10-03 04:17:05,6,-4,3595.25,1424
2022-10-03 04:17:06,1,1,3595.0,1425
2022-10-03 04:17:07,7,-4,3594.75,1421
2022-10-03 04:17:08,1,-1,3594.75,1420
2022-10-03 04:17:09,1,-1,3594.75,1419
2022-10-03 04:17:10,14,4,3595.0,1423
2022-10-03 04:17:11,1,1,3595.0,1424
2022-10-03 04:17:12,1,-1,3594.75,1423
2022-10-03 04:17:13,1,1,3594.75,1424
2022-10-03 04:17:14,16,1,3594.75,1425
2022-10-03 04:17:15,2,2,3594.75,1427
2022-10-03 04:17:16,8,0,3594.75,1427
2022-10-03 04:17:17,1,-1,3594.75,1426
2022-10-03 04:17:18,3,1,3594.75,1427
2022-10-03 04:17:19,1,1,3594.75,1428
2022-10-03 04:17:20,3,-1,3594.75,1427
2022-10-03 04:17:21,2,-2,3594.75,1425
2022-10-03 04:17:22,78,62,3595.75,1487
2022-10-03 04:17:25,1,-1,3595.25,1486
2022-10-03 04:17:26,24,15,3595.5,1501
2022-10-03 04:17:27,4,-4,3595.25,1497
2022-10-03 04:17:28,16,-1,3595.5,1496
2022-10-03 04:17:30,26,-24,3595.5,1472
2022-10-03 04:17:35,11,-10,3594.75,1462
2022-10-03 04:17:36,11,3,3595.0,1465
2022-10-03 04:17:39,4,-4,3595.0,1461
2022-10-03 04:17:40,1,1,3595.0,1462
2022-10-03 04:17:42,13,0,3595.25,1462
2022-10-03 04:17:44,2,2,3595.75,1464
2022-10-03 04:17:45,3,-3,3595.75,1461
2022-10-03 04:17:46,7,-3,3595.75,1458
2022-10-03 04:17:47,3,-3,3595.5,1455
2022-10-03 04:17:49,10,7,3595.5,1462
2022-10-03 04:17:50,1,-1,3595.5,1461
2022-10-03 04:17:52,11,4,3596.0,1465
2022-10-03 04:17:53,6,-4,3596.0,1461
2022-10-03 04:17:54,5,-5,3595.5,1456
2022-10-03 04:17:55,2,2,3595.5,1458
2022-10-03 04:17:56,1,-1,3595.5,1457
2022-10-03 04:17:57,1,1,3595.5,1458
2022-10-03 04:17:58,1,1,3595.75,1459
2022-10-03 04:17:59,6,0,3596.0,1459
2022-10-03 04:18:00,3,-3,3595.75,1456
2022-10-03 04:18:01,11,1,3596.0,1457
2022-10-03 04:18:02,3,1,3595.75,1458
2022-10-03 04:18:03,6,0,3595.25,1458
2022-10-03 04:18:04,1,-1,3595.0,1457
2022-10-03 04:18:05,2,-2,3595.0,1455
2022-10-03 04:18:06,3,-1,3595.0,1454
2022-10-03 04:18:07,8,-2,3595.0,1452
2022-10-03 04:18:08,1,1,3595.25,1453
2022-10-03 04:18:10,2,2,3595.25,1455
2022-10-03 04:18:11,2,-2,3595.25,1453
2022-10-03 04:18:12,1,-1,3595.0,1452
2022-10-03 04:18:13,1,1,3594.75,1453
2022-10-03 04:18:14,8,4,3594.75,1457
2022-10-03 04:18:15,8,-2,3594.75,1455
2022-10-03 04:18:16,2,-2,3594.5,1453
2022-10-03 04:18:17,3,-1,3594.75,1452
2022-10-03 04:18:18,10,-8,3594.5,1444
2022-10-03 04:18:19,1,-1,3594.5,1443
2022-10-03 04:18:21,25,-1,3594.75,1442
2022-10-03 04:18:22,6,-2,3594.75,1440
2022-10-03 04:18:23,17,-5,3594.75,1435
2022-10-03 04:18:24,2,0,3594.75,1435
2022-10-03 04:18:25,5,-5,3594.75,1430
2022-10-03 04:18:27,2,2,3594.5,1432
2022-10-03 04:18:28,3,3,3594.5,1435
2022-10-03 04:18:29,1,-1,3594.5,1434
2022-10-03 04:18:30,1,1,3594.5,1435
2022-10-03 04:18:34,4,-2,3594.5,1433
2022-10-03 04:18:35,10,8,3595.0,1441
2022-10-03 04:18:36,8,0,3595.0,1441
2022-10-03 04:18:37,4,2,3595.0,1443
2022-10-03 04:18:38,2,-2,3594.75,1441
2022-10-03 04:18:39,12,-9,3594.25,1432
2022-10-03 04:18:40,14,-3,3594.25,1429
2022-10-03 04:18:43,2,2,3594.25,1431
2022-10-03 04:18:44,1,-1,3594.5,1430
2022-10-03 04:18:45,4,0,3594.5,1430
2022-10-03 04:18:46,6,0,3594.5,1430
2022-10-03 04:18:47,1,1,3594.5,1431
2022-10-03 04:18:49,2,2,3594.75,1433
2022-10-03 04:18:51,2,-2,3594.75,1431
2022-10-03 04:18:52,10,10,3595.0,1441
2022-10-03 04:18:53,4,-2,3594.75,1439
2022-10-03 04:18:54,7,7,3594.75,1446
2022-10-03 04:18:55,5,1,3594.75,1447
2022-10-03 04:18:58,15,-2,3595.0,1445
2022-10-03 04:19:00,12,0,3595.5,1445
2022-10-03 04:19:01,11,0,3595.25,1445
2022-10-03 04:19:02,10,-2,3595.0,1443
2022-10-03 04:19:03,5,1,3595.0,1444
2022-10-03 04:19:05,3,1,3594.75,1445
2022-10-03 04:19:06,1,-1,3594.75,1444
2022-10-03 04:19:07,1,1,3594.75,1445
2022-10-03 04:19:08,17,13,3595.25,1458
2022-10-03 04:19:09,10,-8,3595.25,1450
2022-10-03 04:19:10,1,-1,3595.0,1449
2022-10-03 04:19:12,4,2,3595.25,1451
2022-10-03 04:19:13,1,-1,3595.25,1450
2022-10-03 04:19:15,2,-2,3595.25,1448
2022-10-03 04:19:16,2,0,3595.25,1448
2022-10-03 04:19:17,11,3,3595.5,1451
2022-10-03 04:19:18,2,0,3595.25,1451
2022-10-03 04:19:19,11,-7,3595.25,1444
2022-10-03 04:19:20,4,2,3594.75,1446
2022-10-03 04:19:21,13,4,3595.0,1450
2022-10-03 04:19:22,2,-2,3595.0,1448
2022-10-03 04:19:23,1,1,3595.0,1449
2022-10-03 04:19:24,1,1,3595.0,1450
2022-10-03 04:19:26,15,3,3595.0,1453
2022-10-03 04:19:27,16,-10,3595.25,1443
2022-10-03 04:19:28,5,-3,3595.0,1440
2022-10-03 04:19:29,1,-1,3594.75,1439
2022-10-03 04:19:31,5,5,3595.0,1444
2022-10-03 04:19:32,2,2,3594.75,1446
2022-10-03 04:19:36,1,1,3595.0,1447
2022-10-03 04:19:37,12,8,3595.75,1455
2022-10-03 04:19:38,4,-4,3595.75,1451
2022-10-03 04:19:41,14,12,3595.75,1463
2022-10-03 04:19:42,1,-1,3595.75,1462
2022-10-03 04:19:43,3,-3,3595.5,1459
2022-10-03 04:19:45,1,-1,3595.5,1458
2022-10-03 04:19:46,6,9,3595.75,1467
2022-10-03 04:19:47,1,-1,3595.5,1466
2022-10-03 04:19:49,1,1,3595.5,1467
2022-10-03 04:19:51,1,1,3595.75,1468
2022-10-03 04:19:52,1,1,3595.75,1469
2022-10-03 04:19:54,28,8,3596.75,1477
2022-10-03 04:19:55,12,0,3597.0,1477
2022-10-03 04:19:56,5,-1,3596.75,1476
2022-10-03 04:19:57,7,-5,3597.0,1471
2022-10-03 04:19:58,3,3,3596.75,1474
2022-10-03 04:19:59,4,-4,3596.5,1470
2022-10-03 04:20:00,1,1,3596.75,1471
2022-10-03 04:20:01,14,0,3596.5,1471
2022-10-03 04:20:03,14,-2,3596.0,1469
2022-10-03 04:20:04,2,-2,3595.75,1467
2022-10-03 04:20:05,3,1,3595.75,1468
2022-10-03 04:20:06,19,2,3596.25,1470
2022-10-03 04:20:08,43,-17,3596.5,1453
2022-10-03 04:20:09,13,-1,3596.25,1452
2022-10-03 04:20:10,4,2,3596.25,1454
2022-10-03 04:20:11,18,3,3596.25,1457
2022-10-03 04:20:14,19,-9,3596.25,1448
2022-10-03 04:20:15,13,18,3597.5,1466
2022-10-03 04:20:16,7,-5,3597.25,1461
2022-10-03 04:20:17,3,3,3597.5,1464
2022-10-03 04:20:18,3,3,3597.5,1467
2022-10-03 04:20:19,37,37,3598.25,1504
2022-10-03 04:20:20,12,-1,3598.75,1503
2022-10-03 04:20:21,5,-3,3598.25,1500
2022-10-03 04:20:22,6,4,3597.5,1504
2022-10-03 04:20:23,10,5,3597.5,1509
2022-10-03 04:20:24,22,-14,3597.25,1495
2022-10-03 04:20:25,6,2,3597.0,1497
2022-10-03 04:20:26,6,0,3597.25,1497
2022-10-03 04:20:27,1,-1,3597.0,1496
2022-10-03 04:20:28,10,8,3597.25,1504
2022-10-03 04:20:29,7,1,3597.5,1505
2022-10-03 04:20:30,2,-2,3597.25,1503
2022-10-03 04:20:31,3,3,3597.5,1506
2022-10-03 04:20:32,10,6,3598.25,1512
2022-10-03 04:20:33,13,-9,3597.75,1503
2022-10-03 04:20:34,7,1,3597.75,1504
2022-10-03 04:20:35,7,3,3597.75,1507
2022-10-03 04:20:36,22,-8,3597.75,1499
2022-10-03 04:20:37,1,-1,3597.75,1498
2022-10-03 04:20:38,4,-3,3597.75,1495
2022-10-03 04:20:39,1,1,3597.75,1496
2022-10-03 04:20:40,13,-2,3597.5,1494
2022-10-03 04:20:42,5,5,3597.25,1499
2022-10-03 04:20:43,9,-5,3597.0,1494
2022-10-03 04:20:45,12,1,3597.0,1495
2022-10-03 04:20:46,9,1,3597.0,1496
2022-10-03 04:20:48,7,-7,3596.75,1489
2022-10-03 04:20:49,15,1,3597.25,1490
2022-10-03 04:20:50,1,-1,3596.75,1489
2022-10-03 04:20:52,2,0,3597.25,1489
2022-10-03 04:20:53,3,-1,3597.0,1488
2022-10-03 04:20:54,6,-2,3597.0,1486
2022-10-03 04:20:55,3,3,3597.0,1489
2022-10-03 04:20:56,3,-1,3597.0,1488
2022-10-03 04:20:57,1,1,3597.0,1489
2022-10-03 04:20:58,7,5,3597.25,1494
2022-10-03 04:21:00,5,3,3597.25,1497
2022-10-03 04:21:01,1,-1,3597.25,1496
2022-10-03 04:21:02,2,2,3597.25,1498
2022-10-03 04:21:03,6,-4,3597.0,1494
2022-10-03 04:21:04,35,17,3597.25,1511
2022-10-03 04:21:05,3,-1,3597.0,1510
2022-10-03 04:21:06,9,7,3597.5,1517
2022-10-03 04:21:07,38,-56,3597.25,1461
2022-10-03 04:21:09,8,-2,3596.75,1459
2022-10-03 04:21:10,3,-1,3597.0,1458
2022-10-03 04:21:11,8,0,3597.0,1458
2022-10-03 04:21:13,3,-3,3597.0,1455
2022-10-03 04:21:14,7,-1,3597.0,1454
2022-10-03 04:21:15,8,-4,3597.0,1450
2022-10-03 04:21:16,8,0,3596.75,1450
2022-10-03 04:21:17,1,-1,3596.75,1449
2022-10-03 04:21:18,4,-4,3596.75,1445
2022-10-03 04:21:19,7,3,3597.0,1448
2022-10-03 04:21:20,3,-1,3596.75,1447
2022-10-03 04:21:21,8,1,3597.0,1448
2022-10-03 04:21:24,1,-1,3596.75,1447
2022-10-03 04:21:25,2,0,3596.75,1447
2022-10-03 04:21:26,4,-2,3596.75,1445
2022-10-03 04:21:28,1,-1,3596.75,1444
2022-10-03 04:21:30,10,8,3597.0,1452
2022-10-03 04:21:31,13,-4,3597.25,1448
2022-10-03 04:21:34,12,11,3598.0,1459
2022-10-03 04:21:35,2,2,3598.0,1461
2022-10-03 04:21:36,17,3,3598.0,1464
2022-10-03 04:21:38,1,-1,3598.0,1463
2022-10-03 04:21:40,11,3,3598.25,1466
2022-10-03 04:21:42,6,6,3598.25,1472
2022-10-03 04:21:43,9,0,3598.25,1472
2022-10-03 04:21:45,12,-15,3598.25,1457
2022-10-03 04:21:46,5,1,3598.25,1458
2022-10-03 04:21:48,12,6,3598.25,1464
2022-10-03 04:21:53,3,-3,3598.0,1461
2022-10-03 04:21:54,19,12,3598.25,1473
2022-10-03 04:21:55,7,-1,3598.0,1472
2022-10-03 04:21:56,9,0,3598.25,1472
2022-10-03 04:21:57,3,3,3597.75,1475
2022-10-03 04:21:58,3,-1,3598.0,1474
2022-10-03 04:21:59,4,-4,3597.75,1470
2022-10-03 04:22:00,2,2,3597.75,1472
2022-10-03 04:22:01,7,-3,3597.75,1469
2022-10-03 04:22:02,4,2,3597.25,1471
2022-10-03 04:22:04,9,-9,3597.25,1462
2022-10-03 04:22:05,7,3,3597.25,1465
2022-10-03 04:22:06,4,-2,3597.25,1463
2022-10-03 04:22:07,4,-2,3597.25,1461
2022-10-03 04:22:08,7,3,3597.0,1464
2022-10-03 04:22:09,3,1,3597.0,1465
2022-10-03 04:22:10,23,-8,3596.75,1457
2022-10-03 04:22:11,25,22,3596.75,1479
2022-10-03 04:22:13,15,4,3596.75,1483
2022-10-03 04:22:14,2,-2,3596.75,1481
2022-10-03 04:22:16,1,-1,3596.75,1480
2022-10-03 04:22:17,2,2,3596.75,1482
2022-10-03 04:22:21,1,-1,3597.0,1481
2022-10-03 04:22:23,1,-1,3596.75,1480
2022-10-03 04:22:25,3,3,3596.75,1483
2022-10-03 04:22:26,3,3,3597.25,1486
2022-10-03 04:22:27,10,-1,3597.25,1485
2022-10-03 04:22:31,7,-6,3596.5,1479
2022-10-03 04:22:32,3,-3,3596.25,1476
2022-10-03 04:22:33,7,-3,3596.25,1473
2022-10-03 04:22:34,1,-1,3596.0,1472
2022-10-03 04:22:36,10,-2,3596.75,1470
2022-10-03 04:22:37,1,-1,3596.5,1469
2022-10-03 04:22:38,1,-1,3596.25,1468
2022-10-03 04:22:39,2,2,3596.5,1470
2022-10-03 04:22:41,4,4,3596.75,1474
2022-10-03 04:22:42,1,1,3596.75,1475
2022-10-03 04:22:43,1,1,3596.25,1476
2022-10-03 04:22:44,4,4,3596.5,1480
2022-10-03 04:22:47,6,0,3596.5,1480
2022-10-03 04:22:48,11,-6,3596.25,1474
2022-10-03 04:22:49,1,-1,3596.25,1473
2022-10-03 04:22:50,6,0,3596.25,1473
2022-10-03 04:22:52,4,0,3596.25,1473
2022-10-03 04:22:53,1,1,3596.0,1474
2022-10-03 04:22:54,9,-5,3596.0,1469
2022-10-03 04:22:55,3,3,3596.0,1472
2022-10-03 04:22:59,26,-36,3596.0,1436
2022-10-03 04:23:01,8,0,3595.75,1436
2022-10-03 04:23:02,58,-22,3595.5,1414
2022-10-03 04:23:03,6,0,3595.75,1414
2022-10-03 04:23:04,6,4,3595.75,1418
2022-10-03 04:23:08,4,-2,3596.0,1416
2022-10-03 04:23:09,12,-1,3595.5,1415
2022-10-03 04:23:11,3,1,3595.75,1416
2022-10-03 04:23:15,4,-4,3595.75,1412
2022-10-03 04:23:16,1,1,3595.75,1413
2022-10-03 04:23:18,7,7,3596.5,1420
2022-10-03 04:23:21,4,0,3596.75,1420
2022-10-03 04:23:26,1,-1,3596.5,1419
2022-10-03 04:23:27,6,2,3596.75,1421
2022-10-03 04:23:29,1,1,3596.75,1422
2022-10-03 04:23:30,1,1,3596.75,1423
2022-10-03 04:23:31,3,3,3597.0,1426
2022-10-03 04:23:32,4,-3,3596.75,1423
2022-10-03 04:23:35,1,-1,3596.5,1422
2022-10-03 04:23:36,5,1,3596.5,1423
2022-10-03 04:23:40,29,6,3597.5,1429
2022-10-03 04:23:42,11,-2,3597.25,1427
2022-10-03 04:23:43,2,2,3597.5,1429
2022-10-03 04:23:44,3,-1,3597.25,1428
2022-10-03 04:23:45,2,-2,3597.0,1426
2022-10-03 04:23:46,7,3,3597.25,1429
2022-10-03 04:23:48,2,-2,3597.25,1427
2022-10-03 04:23:49,20,1,3597.75,1428
2022-10-03 04:23:50,25,-9,3598.5,1419
2022-10-03 04:23:52,18,11,3598.25,1430
2022-10-03 04:23:54,5,5,3598.25,1435
2022-10-03 04:23:55,50,17,3598.75,1452
2022-10-03 04:23:56,9,1,3598.75,1453
2022-10-03 04:23:57,25,-21,3598.75,1432
2022-10-03 04:23:58,24,20,3598.75,1452
2022-10-03 04:23:59,16,-6,3598.75,1446
2022-10-03 04:24:01,11,8,3599.0,1454
2022-10-03 04:24:02,12,-4,3599.0,1450
2022-10-03 04:24:03,3,-3,3598.75,1447
2022-10-03 04:24:04,1,-1,3598.5,1446
2022-10-03 04:24:05,3,-1,3598.75,1445
2022-10-03 04:24:06,12,-6,3598.5,1439
2022-10-03 04:24:07,11,1,3598.5,1440
2022-10-03 04:24:08,3,-1,3598.75,1439
2022-10-03 04:24:09,6,5,3598.75,1444
2022-10-03 04:24:10,4,4,3599.0,1448
2022-10-03 04:24:11,9,-5,3598.75,1443
2022-10-03 04:24:12,9,1,3598.75,1444
2022-10-03 04:24:14,6,1,3598.5,1445
2022-10-03 04:24:15,21,9,3598.75,1454
2022-10-03 04:24:16,10,9,3598.0,1463
2022-10-03 04:24:17,6,-5,3598.25,1458
2022-10-03 04:24:18,1,1,3598.25,1459
2022-10-03 04:24:19,2,-2,3598.25,1457
2022-10-03 04:24:21,12,-10,3598.0,1447
2022-10-03 04:24:22,1,-1,3597.75,1446
2022-10-03 04:24:24,3,1,3598.0,1447
2022-10-03 04:24:25,4,2,3598.0,1449
2022-10-03 04:24:27,4,0,3597.75,1449
2022-10-03 04:24:28,4,-2,3597.75,1447
2022-10-03 04:24:29,2,0,3597.75,1447
2022-10-03 04:24:30,5,5,3598.0,1452
2022-10-03 04:24:31,1,1,3598.0,1453
2022-10-03 04:24:32,6,-5,3598.0,1448
2022-10-03 04:24:33,3,1,3598.5,1449
2022-10-03 04:24:34,2,0,3598.5,1449
2022-10-03 04:24:36,12,4,3598.5,1453
2022-10-03 04:24:37,4,0,3598.25,1453
2022-10-03 04:24:38,1,-1,3598.25,1452
2022-10-03 04:24:39,4,-2,3598.25,1450
2022-10-03 04:24:42,1,-1,3598.25,1449
2022-10-03 04:24:43,7,-5,3598.25,1444
2022-10-03 04:24:44,11,7,3597.75,1451
2022-10-03 04:24:46,1,-1,3597.5,1450
2022-10-03 04:24:47,3,3,3598.0,1453
2022-10-03 04:24:49,1,-1,3597.75,1452
2022-10-03 04:24:51,9,-4,3597.5,1448
2022-10-03 04:24:52,4,0,3597.5,1448
2022-10-03 04:24:53,4,4,3597.5,1452
2022-10-03 04:24:54,2,2,3597.5,1454
2022-10-03 04:24:57,5,1,3597.75,1455
2022-10-03 04:24:59,1,1,3597.75,1456
2022-10-03 04:25:00,15,-1,3597.75,1455
2022-10-03 04:25:01,1,-1,3597.0,1454
2022-10-03 04:25:02,9,-1,3597.25,1453
2022-10-03 04:25:03,13,0,3597.25,1453
2022-10-03 04:25:04,4,2,3597.25,1455
2022-10-03 04:25:05,8,1,3597.25,1456
2022-10-03 04:25:06,3,-3,3596.75,1453
2022-10-03 04:25:07,6,-4,3596.75,1449
2022-10-03 04:25:08,6,0,3597.0,1449
2022-10-03 04:25:09,1,-1,3596.75,1448
2022-10-03 04:25:10,1,1,3596.75,1449
2022-10-03 04:25:11,7,1,3596.75,1450
2022-10-03 04:25:14,3,1,3596.75,1451
2022-10-03 04:25:16,1,1,3597.0,1452
2022-10-03 04:25:18,1,1,3597.0,1453
2022-10-03 04:25:22,11,12,3597.75,1465
2022-10-03 04:25:23,2,-2,3597.75,1463
2022-10-03 04:25:26,1,-1,3597.5,1462
2022-10-03 04:25:27,1,-1,3597.5,1461
2022-10-03 04:25:28,2,2,3597.5,1463
2022-10-03 04:25:29,3,-3,3597.5,1460
2022-10-03 04:25:30,2,0,3597.5,1460
2022-10-03 04:25:31,1,-1,3597.5,1459
2022-10-03 04:25:32,7,-1,3598.0,1458
2022-10-03 04:25:34,3,-1,3597.75,1457
2022-10-03 04:25:37,1,1,3598.0,1458
2022-10-03 04:25:38,15,-7,3597.75,1451
2022-10-03 04:25:39,6,-4,3598.25,1447
2022-10-03 04:25:40,2,-2,3598.0,1445
2022-10-03 04:25:41,2,-2,3598.0,1443
2022-10-03 04:25:44,8,-4,3598.25,1439
2022-10-03 04:25:47,2,-2,3598.25,1437
2022-10-03 04:25:48,4,0,3598.0,1437
2022-10-03 04:25:50,5,5,3598.0,1442
2022-10-03 04:25:51,19,4,3598.5,1446
2022-10-03 04:25:52,20,-1,3598.25,1445
2022-10-03 04:25:53,2,2,3598.25,1447
2022-10-03 04:25:55,3,-3,3598.25,1444
2022-10-03 04:25:56,13,-3,3598.25,1441
2022-10-03 04:25:58,2,-2,3597.75,1439
2022-10-03 04:26:00,10,1,3598.5,1440
2022-10-03 04:26:01,18,3,3599.0,1443
2022-10-03 04:26:02,125,117,3599.75,1560
2022-10-03 04:26:03,19,14,3599.5,1574
2022-10-03 04:26:04,6,-2,3599.25,1572
2022-10-03 04:26:05,4,-4,3599.25,1568
2022-10-03 04:26:06,1,1,3599.25,1569
2022-10-03 04:26:07,12,-10,3599.25,1559
2022-10-03 04:26:08,4,-4,3599.0,1555
2022-10-03 04:26:09,13,-1,3598.75,1554
2022-10-03 04:26:10,6,0,3598.75,1554
2022-10-03 04:26:11,4,2,3598.75,1556
2022-10-03 04:26:12,1,1,3599.0,1557
2022-10-03 04:26:14,7,1,3599.0,1558
2022-10-03 04:26:18,1,-1,3598.75,1557
2022-10-03 04:26:19,7,-7,3598.75,1550
2022-10-03 04:26:20,15,-1,3598.5,1549
2022-10-03 04:26:22,1,-1,3598.0,1548
2022-10-03 04:26:23,2,2,3598.5,1550
2022-10-03 04:26:25,2,-2,3598.5,1548
2022-10-03 04:26:26,1,1,3598.5,1549
2022-10-03 04:26:27,2,2,3598.5,1551
2022-10-03 04:26:28,2,-2,3598.5,1549
2022-10-03 04:26:29,1,1,3598.5,1550
2022-10-03 04:26:32,14,-4,3598.75,1546
2022-10-03 04:26:33,1,1,3598.75,1547
2022-10-03 04:26:34,2,0,3598.5,1547
2022-10-03 04:26:35,27,4,3598.75,1551
2022-10-03 04:26:37,6,-1,3598.5,1550
2022-10-03 04:26:39,6,6,3598.75,1556
2022-10-03 04:26:41,3,1,3598.75,1557
2022-10-03 04:26:44,21,-8,3598.75,1549
2022-10-03 04:26:46,12,-8,3598.75,1541
2022-10-03 04:26:47,10,8,3598.25,1549
2022-10-03 04:26:48,19,-3,3598.5,1546
2022-10-03 04:26:50,4,-4,3597.75,1542
2022-10-03 04:26:52,7,5,3597.75,1547
2022-10-03 04:26:53,2,-2,3597.75,1545
2022-10-03 04:26:54,6,0,3597.5,1545
2022-10-03 04:26:55,1,-1,3597.25,1544
2022-10-03 04:26:56,9,-1,3597.0,1543
2022-10-03 04:26:57,1,1,3597.0,1544
2022-10-03 04:26:58,28,1,3597.0,1545
2022-10-03 04:27:00,19,11,3597.0,1556
2022-10-03 04:27:01,6,2,3597.25,1558
2022-10-03 04:27:03,5,-1,3597.0,1557
2022-10-03 04:27:04,11,7,3597.0,1564
2022-10-03 04:27:05,5,3,3597.25,1567
2022-10-03 04:27:07,57,-34,3597.0,1533
2022-10-03 04:27:09,9,9,3597.0,1542
2022-10-03 04:27:10,1,-1,3596.75,1541
2022-10-03 04:27:11,33,-1,3596.75,1540
2022-10-03 04:27:12,6,-4,3597.0,1536
2022-10-03 04:27:14,4,0,3596.75,1536
2022-10-03 04:27:15,1,-1,3596.5,1535
2022-10-03 04:27:16,4,-4,3596.5,1531
2022-10-03 04:27:18,2,-2,3596.75,1529
2022-10-03 04:27:20,7,-3,3597.0,1526
2022-10-03 04:27:21,1,-1,3597.0,1525
2022-10-03 04:27:22,10,-13,3596.75,1512
2022-10-03 04:27:23,10,-10,3596.25,1502
2022-10-03 04:27:24,4,-4,3595.75,1498
2022-10-03 04:27:25,40,-1,3595.5,1497
2022-10-03 04:27:26,9,5,3595.5,1502
2022-10-03 04:27:27,4,0,3595.5,1502
2022-10-03 04:27:30,7,2,3595.5,1504
2022-10-03 04:27:32,1,-1,3595.25,1503
2022-10-03 04:27:33,1,-1,3595.25,1502
2022-10-03 04:27:34,33,-38,3595.25,1464
2022-10-03 04:27:35,1,-1,3595.0,1463
2022-10-03 04:27:36,3,1,3595.25,1464
2022-10-03 04:27:37,14,-7,3595.0,1457
2022-10-03 04:27:38,4,0,3595.25,1457
2022-10-03 04:27:39,9,-3,3595.0,1454
2022-10-03 04:27:40,35,4,3595.5,1458
2022-10-03 04:27:42,1,-1,3595.5,1457
2022-10-03 04:27:43,6,-6,3595.5,1451
2022-10-03 04:27:44,2,2,3595.5,1453
2022-10-03 04:27:45,5,-1,3595.5,1452
2022-10-03 04:27:47,1,-1,3595.5,1451
2022-10-03 04:27:48,18,-6,3595.5,1445
2022-10-03 04:27:50,6,-6,3594.75,1439
2022-10-03 04:27:52,20,-11,3594.5,1428
2022-10-03 04:27:53,122,-11,3594.75,1417
2022-10-03 04:27:54,3,-3,3594.5,1414
2022-10-03 04:27:55,5,5,3594.75,1419
2022-10-03 04:27:56,4,-4,3594.5,1415
2022-10-03 04:27:57,2,2,3594.5,1417
2022-10-03 04:27:59,11,6,3594.75,1423
2022-10-03 04:28:00,9,5,3594.75,1428
2022-10-03 04:28:01,6,6,3594.5,1434
2022-10-03 04:28:03,4,-2,3594.75,1432
2022-10-03 04:28:04,2,2,3594.75,1434
2022-10-03 04:28:07,1,-1,3594.75,1433
2022-10-03 04:28:11,15,6,3595.0,1439
2022-10-03 04:28:12,3,1,3595.25,1440
2022-10-03 04:28:13,9,7,3595.25,1447
2022-10-03 04:28:14,5,-1,3595.25,1446
2022-10-03 04:28:16,2,0,3595.25,1446
2022-10-03 04:28:17,1,-1,3595.0,1445
2022-10-03 04:28:18,6,4,3595.0,1449
2022-10-03 04:28:20,8,2,3595.25,1451
2022-10-03 04:28:21,1,-1,3595.25,1450
2022-10-03 04:28:22,3,3,3595.25,1453
2022-10-03 04:28:23,16,19,3595.75,1472
2022-10-03 04:28:24,6,-2,3595.75,1470
2022-10-03 04:28:25,22,13,3596.25,1483
2022-10-03 04:28:26,17,11,3596.75,1494
2022-10-03 04:28:30,5,-5,3596.25,1489
2022-10-03 04:28:31,8,-8,3596.0,1481
2022-10-03 04:28:32,23,1,3597.0,1482
2022-10-03 04:28:33,39,18,3597.0,1500
2022-10-03 04:28:34,13,3,3597.25,1503
2022-10-03 04:28:35,5,3,3597.25,1506
2022-10-03 04:28:36,5,-3,3596.75,1503
2022-10-03 04:28:37,4,-4,3596.75,1499
2022-10-03 04:28:38,1,1,3596.75,1500
2022-10-03 04:28:40,2,2,3596.75,1502
2022-10-03 04:28:41,1,1,3597.0,1503
2022-10-03 04:28:42,4,-2,3596.75,1501
2022-10-03 04:28:43,5,-1,3597.0,1500
2022-10-03 04:28:45,3,-3,3596.75,1497
2022-10-03 04:28:46,2,2,3597.0,1499
2022-10-03 04:28:47,2,2,3597.0,1501
2022-10-03 04:28:48,7,-3,3597.0,1498
2022-10-03 04:28:50,19,1,3597.25,1499
2022-10-03 04:28:51,8,1,3597.25,1500
2022-10-03 04:28:53,4,4,3597.5,1504
2022-10-03 04:28:54,2,-2,3597.5,1502
2022-10-03 04:28:55,3,3,3597.5,1505
2022-10-03 04:28:56,4,0,3597.5,1505
2022-10-03 04:28:59,4,-4,3597.25,1501
2022-10-03 04:29:00,18,-27,3597.25,1474
2022-10-03 04:29:01,41,-17,3596.75,1457
2022-10-03 04:29:02,6,-7,3596.25,1450
2022-10-03 04:29:03,7,5,3596.0,1455
2022-10-03 04:29:04,38,-47,3596.0,1408
2022-10-03 04:29:05,9,-3,3595.5,1405
2022-10-03 04:29:07,4,4,3595.5,1409
2022-10-03 04:29:08,7,0,3595.5,1409
2022-10-03 04:29:09,3,3,3595.75,1412
2022-10-03 04:29:10,12,-7,3595.75,1405
2022-10-03 04:29:11,1,1,3595.75,1406
2022-10-03 04:29:12,1,1,3595.75,1407
2022-10-03 04:29:13,2,2,3595.75,1409
2022-10-03 04:29:15,6,-2,3595.5,1407
2022-10-03 04:29:16,3,-3,3595.5,1404
2022-10-03 04:29:17,24,-3,3595.5,1401
2022-10-03 04:29:18,6,-9,3595.75,1392
2022-10-03 04:29:20,6,-2,3595.75,1390
2022-10-03 04:29:21,2,-2,3595.75,1388
2022-10-03 04:29:23,3,3,3596.0,1391
2022-10-03 04:29:24,2,2,3596.25,1393
2022-10-03 04:29:26,9,3,3596.0,1396
2022-10-03 04:29:27,7,3,3596.0,1399
2022-10-03 04:29:28,3,3,3596.0,1402
2022-10-03 04:29:29,6,4,3596.0,1406
2022-10-03 04:29:30,3,3,3596.25,1409
2022-10-03 04:29:31,12,4,3596.5,1413
2022-10-03 04:29:32,2,-2,3596.25,1411
2022-10-03 04:29:33,5,-3,3596.25,1408
2022-10-03 04:29:34,1,1,3596.25,1409
2022-10-03 04:29:35,4,2,3596.5,1411
2022-10-03 04:29:37,4,2,3596.25,1413
2022-10-03 04:29:38,13,-8,3596.0,1405
2022-10-03 04:29:40,2,2,3595.75,1407
2022-10-03 04:29:41,3,3,3596.0,1410
2022-10-03 04:29:42,3,-1,3595.75,1409
2022-10-03 04:29:43,12,6,3595.75,1415
2022-10-03 04:29:46,1,1,3596.0,1416
2022-10-03 04:29:47,3,3,3596.25,1419
2022-10-03 04:29:48,3,3,3596.25,1422
2022-10-03 04:29:49,12,6,3596.25,1428
2022-10-03 04:29:51,1,-1,3596.25,1427
2022-10-03 04:29:52,1,-1,3596.25,1426
2022-10-03 04:29:53,4,2,3596.25,1428
2022-10-03 04:29:54,3,-1,3596.5,1427
2022-10-03 04:29:57,3,-3,3596.25,1424
2022-10-03 04:29:58,17,0,3596.75,1424
2022-10-03 04:29:59,2,0,3596.5,1424
2022-10-03 04:30:00,12,-4,3596.0,1420
2022-10-03 04:30:01,5,5,3596.5,1425
2022-10-03 04:30:02,4,0,3596.75,1425
2022-10-03 04:30:03,7,-5,3596.75,1420
2022-10-03 04:30:04,14,1,3597.25,1421
2022-10-03 04:30:06,10,-8,3597.0,1413
2022-10-03 04:30:07,2,2,3597.0,1415
2022-10-03 04:30:08,9,1,3597.0,1416
2022-10-03 04:30:09,2,2,3597.0,1418
2022-10-03 04:30:11,2,2,3597.0,1420
2022-10-03 04:30:13,7,-5,3597.0,1415
2022-10-03 04:30:14,4,0,3597.25,1415
2022-10-03 04:30:15,3,3,3597.5,1418
2022-10-03 04:30:17,2,-2,3597.0,1416
2022-10-03 04:30:18,10,4,3597.0,1420
2022-10-03 04:30:19,3,-1,3597.0,1419
2022-10-03 04:30:22,1,-1,3597.0,1418
2022-10-03 04:30:23,10,6,3597.0,1424
2022-10-03 04:30:24,2,2,3597.0,1426
2022-10-03 04:30:26,2,-2,3597.25,1424
2022-10-03 04:30:28,2,2,3597.25,1426
2022-10-03 04:30:29,4,2,3597.5,1428
2022-10-03 04:30:30,1,-1,3597.5,1427
2022-10-03 04:30:31,12,0,3597.75,1427
2022-10-03 04:30:32,2,-2,3597.75,1425
2022-10-03 04:30:33,4,2,3597.75,1427
2022-10-03 04:30:34,11,9,3598.0,1436
2022-10-03 04:30:35,12,-6,3598.25,1430
2022-10-03 04:30:36,22,-24,3598.0,1406
2022-10-03 04:30:38,3,3,3597.5,1409
2022-10-03 04:30:39,10,-2,3597.5,1407
2022-10-03 04:30:43,6,-4,3597.25,1403
2022-10-03 04:30:48,16,-7,3597.0,1396
2022-10-03 04:30:49,23,-4,3596.75,1392
2022-10-03 04:30:51,1,1,3596.25,1393
2022-10-03 04:30:53,3,1,3595.75,1394
2022-10-03 04:30:54,23,-6,3595.5,1388
2022-10-03 04:30:55,32,-8,3595.25,1380
2022-10-03 04:30:56,3,3,3595.75,1383
2022-10-03 04:30:57,1,1,3595.5,1384
2022-10-03 04:30:58,9,3,3595.5,1387
2022-10-03 04:30:59,4,-2,3595.5,1385
2022-10-03 04:31:01,14,-10,3595.5,1375
2022-10-03 04:31:02,3,1,3595.5,1376
2022-10-03 04:31:03,4,4,3595.75,1380
2022-10-03 04:31:04,2,-2,3595.5,1378
2022-10-03 04:31:06,2,0,3595.5,1378
2022-10-03 04:31:07,4,4,3595.5,1382
2022-10-03 04:31:09,1,-1,3595.5,1381
2022-10-03 04:31:11,17,5,3595.75,1386
2022-10-03 04:31:14,1,1,3595.75,1387
2022-10-03 04:31:15,4,0,3595.5,1387
2022-10-03 04:31:17,13,11,3595.75,1398
2022-10-03 04:31:18,37,0,3595.5,1398
2022-10-03 04:31:21,8,2,3595.5,1400
2022-10-03 04:31:22,2,0,3595.5,1400
2022-10-03 04:31:25,1,-1,3595.25,1399
2022-10-03 04:31:26,4,-2,3595.25,1397
2022-10-03 04:31:27,1,-1,3595.25,1396
2022-10-03 04:31:29,8,5,3595.5,1401
2022-10-03 04:31:30,3,3,3595.75,1404
2022-10-03 04:31:32,4,-2,3595.75,1402
2022-10-03 04:31:34,7,-1,3595.5,1401
2022-10-03 04:31:36,2,2,3595.75,1403
2022-10-03 04:31:38,9,-3,3595.5,1400
2022-10-03 04:31:39,4,-4,3595.25,1396
2022-10-03 04:31:40,5,-1,3595.0,1395
2022-10-03 04:31:42,2,0,3595.0,1395
2022-10-03 04:31:45,2,-2,3595.0,1393
2022-10-03 04:31:46,3,-3,3595.0,1390
2022-10-03 04:31:48,18,10,3594.75,1400
2022-10-03 04:31:49,26,13,3595.25,1413
2022-10-03 04:31:50,6,-4,3595.0,1409
2022-10-03 04:31:52,3,-3,3594.75,1406
2022-10-03 04:31:53,2,0,3594.75,1406
2022-10-03 04:31:54,1,1,3594.75,1407
2022-10-03 04:31:55,12,-5,3594.5,1402
2022-10-03 04:31:56,13,3,3594.25,1405
2022-10-03 04:31:57,14,-3,3594.25,1402
2022-10-03 04:31:58,5,-1,3594.25,1401
2022-10-03 04:31:59,12,5,3594.5,1406
2022-10-03 04:32:00,33,-19,3594.25,1387
2022-10-03 04:32:01,1,1,3594.25,1388
2022-10-03 04:32:02,105,-13,3594.25,1375
2022-10-03 04:32:03,9,-2,3594.0,1373
2022-10-03 04:32:04,13,-18,3593.75,1355
2022-10-03 04:32:05,31,-5,3593.5,1350
2022-10-03 04:32:06,11,5,3593.5,1355
2022-10-03 04:32:07,1,1,3593.75,1356
2022-10-03 04:32:08,3,1,3593.5,1357
2022-10-03 04:32:09,4,0,3593.75,1357
2022-10-03 04:32:10,4,0,3593.75,1357
2022-10-03 04:32:11,1,-1,3593.5,1356
2022-10-03 04:32:12,33,-14,3593.75,1342
2022-10-03 04:32:13,1,-1,3593.5,1341
2022-10-03 04:32:14,3,3,3593.75,1344
2022-10-03 04:32:15,2,2,3593.5,1346
2022-10-03 04:32:16,23,-2,3593.5,1344
2022-10-03 04:32:17,4,-3,3593.5,1341
2022-10-03 04:32:18,3,3,3593.75,1344
2022-10-03 04:32:19,1,1,3594.0,1345
2022-10-03 04:32:20,3,3,3594.0,1348
2022-10-03 04:32:21,49,49,3595.25,1397
2022-10-03 04:32:22,11,-8,3595.0,1389
2022-10-03 04:32:23,2,2,3594.75,1391
2022-10-03 04:32:26,2,0,3594.5,1391
2022-10-03 04:32:28,3,3,3594.75,1394
2022-10-03 04:32:29,1,1,3595.0,1395
2022-10-03 04:32:30,3,3,3595.25,1398
2022-10-03 04:32:32,1,-1,3595.0,1397
2022-10-03 04:32:33,2,0,3595.0,1397
2022-10-03 04:32:35,2,0,3594.75,1397
2022-10-03 04:32:36,1,-1,3594.75,1396
2022-10-03 04:32:37,8,-6,3594.75,1390
2022-10-03 04:32:39,4,2,3595.25,1392
2022-10-03 04:32:40,2,-2,3594.75,1390
2022-10-03 04:32:41,2,2,3594.75,1392
2022-10-03 04:32:43,4,2,3595.0,1394
2022-10-03 04:32:44,3,-3,3594.75,1391
2022-10-03 04:32:45,4,2,3595.5,1393
2022-10-03 04:32:46,5,-1,3595.75,1392
2022-10-03 04:32:47,29,-8,3595.75,1384
2022-10-03 04:32:50,5,3,3595.75,1387
2022-10-03 04:32:51,15,-9,3595.25,1378
2022-10-03 04:32:52,1,-1,3594.75,1377
2022-10-03 04:32:53,2,-2,3595.0,1375
2022-10-03 04:32:55,1,1,3595.0,1376
2022-10-03 04:32:56,4,4,3595.5,1380
2022-10-03 04:32:58,1,-1,3595.5,1379
2022-10-03 04:33:00,18,0,3595.5,1379
2022-10-03 04:33:02,7,-1,3595.75,1378
2022-10-03 04:33:04,4,4,3596.25,1382
2022-10-03 04:33:05,7,-5,3596.0,1377
2022-10-03 04:33:07,4,0,3596.25,1377
2022-10-03 04:33:08,16,6,3596.5,1383
2022-10-03 04:33:09,3,3,3596.5,1386
2022-10-03 04:33:11,17,8,3597.25,1394
2022-10-03 04:33:12,6,1,3597.0,1395
2022-10-03 04:33:13,13,-9,3597.0,1386
2022-10-03 04:33:14,2,2,3597.0,1388
2022-10-03 04:33:15,2,2,3597.0,1390
2022-10-03 04:33:16,5,5,3597.25,1395
2022-10-03 04:33:17,16,6,3598.0,1401
2022-10-03 04:33:18,13,0,3598.25,1401
2022-10-03 04:33:19,12,0,3598.25,1401
2022-10-03 04:33:20,3,3,3598.0,1404
2022-10-03 04:33:21,4,0,3598.0,1404
2022-10-03 04:33:22,20,-2,3598.5,1402
2022-10-03 04:33:23,6,2,3598.5,1404
2022-10-03 04:33:24,9,-5,3598.5,1399
2022-10-03 04:33:25,10,0,3598.5,1399
2022-10-03 04:33:26,50,35,3599.5,1434
2022-10-03 04:33:27,9,2,3599.25,1436
2022-10-03 04:33:28,1,1,3599.25,1437
2022-10-03 04:33:30,22,5,3599.25,1442
2022-10-03 04:33:31,5,0,3599.25,1442
2022-10-03 04:33:32,2,-2,3598.75,1440
2022-10-03 04:33:33,4,2,3599.25,1442
2022-10-03 04:33:34,2,-2,3599.0,1440
2022-10-03 04:33:35,31,9,3599.25,1449
2022-10-03 04:33:36,12,-6,3599.25,1443
2022-10-03 04:33:37,29,16,3599.75,1459
2022-10-03 04:33:38,44,25,3600.25,1484
2022-10-03 04:33:39,7,7,3600.0,1491
2022-10-03 04:33:40,1,1,3600.0,1492
2022-10-03 04:33:41,16,-4,3600.0,1488
2022-10-03 04:33:42,20,0,3600.0,1488
2022-10-03 04:33:43,20,-10,3599.5,1478
2022-10-03 04:33:44,8,-3,3599.25,1475
2022-10-03 04:33:45,10,8,3599.75,1483
2022-10-03 04:33:46,4,2,3599.75,1485
2022-10-03 04:33:48,15,3,3600.0,1488
2022-10-03 04:33:49,24,14,3600.5,1502
2022-10-03 04:33:50,1,1,3600.75,1503
2022-10-03 04:33:51,3,3,3600.5,1506
2022-10-03 04:33:52,14,-13,3600.25,1493
2022-10-03 04:33:53,2,0,3600.25,1493
2022-10-03 04:33:54,5,4,3600.0,1497
2022-10-03 04:33:55,22,4,3600.75,1501
2022-10-03 04:33:57,11,-1,3600.5,1500
2022-10-03 04:33:58,30,14,3600.25,1514
2022-10-03 04:33:59,1,-1,3600.0,1513
2022-10-03 04:34:00,53,12,3600.5,1525
2022-10-03 04:34:01,2,0,3600.75,1525
2022-10-03 04:34:02,38,0,3600.75,1525
2022-10-03 04:34:03,8,3,3600.75,1528
2022-10-03 04:34:04,5,5,3601.0,1533
2022-10-03 04:34:05,4,-4,3600.75,1529
2022-10-03 04:34:06,31,23,3600.75,1552
2022-10-03 04:34:07,4,-2,3600.75,1550
2022-10-03 04:34:08,29,-4,3600.75,1546
2022-10-03 04:34:09,1,1,3600.75,1547
2022-10-03 04:34:10,13,11,3600.75,1558
2022-10-03 04:34:11,3,-3,3600.5,1555
2022-10-03 04:34:12,7,4,3600.75,1559
2022-10-03 04:34:13,35,-14,3600.75,1545
2022-10-03 04:34:14,2,0,3600.25,1545
2022-10-03 04:34:15,2,-2,3600.25,1543
2022-10-03 04:34:17,16,-2,3600.75,1541
2022-10-03 04:34:18,20,-4,3600.5,1537
2022-10-03 04:34:19,1,-1,3600.25,1536
2022-10-03 04:34:20,6,6,3600.25,1542
2022-10-03 04:34:21,5,5,3600.5,1547
2022-10-03 04:34:22,7,-1,3600.75,1546
2022-10-03 04:34:23,8,2,3600.75,1548
2022-10-03 04:34:24,21,6,3600.75,1554
2022-10-03 04:34:25,1,-1,3600.5,1553
2022-10-03 04:34:26,9,-3,3600.5,1550
2022-10-03 04:34:27,10,8,3600.25,1558
2022-10-03 04:34:28,6,-6,3600.0,1552
2022-10-03 04:34:30,1,1,3600.0,1553
2022-10-03 04:34:31,1,-1,3600.0,1552
2022-10-03 04:34:32,4,4,3600.25,1556
2022-10-03 04:34:33,8,-6,3600.25,1550
2022-10-03 04:34:35,2,0,3600.25,1550
2022-10-03 04:34:37,24,4,3600.0,1554
2022-10-03 04:34:38,8,-6,3600.0,1548
2022-10-03 04:34:39,1,-1,3600.0,1547
2022-10-03 04:34:40,6,4,3599.75,1551
2022-10-03 04:34:41,2,2,3600.0,1553
2022-10-03 04:34:44,44,-30,3599.75,1523
2022-10-03 04:34:45,6,1,3599.75,1524
2022-10-03 04:34:46,4,2,3600.0,1526
2022-10-03 04:34:48,6,0,3600.0,1526
2022-10-03 04:34:49,15,10,3600.25,1536
2022-10-03 04:34:52,2,2,3600.25,1538
2022-10-03 04:34:54,5,-1,3600.25,1537
2022-10-03 04:34:55,9,6,3600.75,1543
2022-10-03 04:34:56,2,-2,3600.75,1541
2022-10-03 04:34:57,3,-3,3600.5,1538
2022-10-03 04:34:58,27,33,3601.0,1571
2022-10-03 04:34:59,6,-2,3601.0,1569
2022-10-03 04:35:00,13,9,3601.0,1578
2022-10-03 04:35:01,30,3,3601.25,1581
2022-10-03 04:35:02,9,3,3600.75,1584
2022-10-03 04:35:03,2,0,3600.5,1584
2022-10-03 04:35:04,4,4,3600.75,1588
2022-10-03 04:35:05,14,-4,3600.5,1584
2022-10-03 04:35:06,27,4,3600.5,1588
2022-10-03 04:35:07,1,1,3600.5,1589
2022-10-03 04:35:08,3,-1,3600.25,1588
2022-10-03 04:35:09,7,5,3600.75,1593
2022-10-03 04:35:10,1,-1,3600.5,1592
2022-10-03 04:35:11,8,-3,3600.75,1589
2022-10-03 04:35:12,7,-5,3600.5,1584
2022-10-03 04:35:13,7,-5,3600.25,1579
2022-10-03 04:35:14,18,-8,3599.75,1571
2022-10-03 04:35:15,9,-3,3599.25,1568
2022-10-03 04:35:16,13,12,3599.75,1580
2022-10-03 04:35:17,14,2,3600.25,1582
2022-10-03 04:35:18,7,-1,3600.5,1581
2022-10-03 04:35:19,1,1,3600.5,1582
2022-10-03 04:35:20,5,2,3600.5,1584
2022-10-03 04:35:21,5,3,3600.25,1587
2022-10-03 04:35:24,8,0,3600.0,1587
2022-10-03 04:35:25,6,4,3600.0,1591
2022-10-03 04:35:26,2,2,3600.25,1593
2022-10-03 04:35:27,1,-1,3600.0,1592
2022-10-03 04:35:28,5,2,3600.0,1594
2022-10-03 04:35:29,2,0,3600.0,1594
2022-10-03 04:35:30,6,-2,3599.75,1592
2022-10-03 04:35:31,15,-4,3600.0,1588
2022-10-03 04:35:32,2,0,3599.75,1588
2022-10-03 04:35:33,7,3,3599.75,1591
2022-10-03 04:35:35,8,3,3600.0,1594
2022-10-03 04:35:36,1,-1,3599.75,1593
2022-10-03 04:35:37,9,-7,3599.75,1586
2022-10-03 04:35:38,9,-5,3599.75,1581
2022-10-03 04:35:39,2,-2,3599.75,1579
2022-10-03 04:35:40,17,-5,3600.0,1574
2022-10-03 04:35:41,5,-3,3599.25,1571
2022-10-03 04:35:42,10,-2,3599.25,1569
2022-10-03 04:35:43,1,1,3599.25,1570
2022-10-03 04:35:44,2,-2,3599.25,1568
2022-10-03 04:35:45,7,7,3599.75,1575
2022-10-03 04:35:46,2,0,3599.75,1575
2022-10-03 04:35:47,22,8,3600.25,1583
2022-10-03 04:35:48,3,1,3600.25,1584
2022-10-03 04:35:49,14,2,3600.25,1586
2022-10-03 04:35:50,18,12,3600.25,1598
2022-10-03 04:35:51,18,-2,3600.5,1596
2022-10-03 04:35:52,6,-4,3600.0,1592
2022-10-03 04:35:53,4,-2,3600.0,1590
2022-10-03 04:35:55,3,3,3600.0,1593
2022-10-03 04:35:57,6,0,3600.25,1593
2022-10-03 04:35:58,2,-2,3600.0,1591
2022-10-03 04:35:59,36,10,3600.5,1601
2022-10-03 04:36:00,13,-9,3600.25,1592
2022-10-03 04:36:01,11,-9,3599.75,1583
2022-10-03 04:36:02,8,3,3599.75,1586
2022-10-03 04:36:03,7,0,3600.0,1586
2022-10-03 04:36:04,6,-4,3600.0,1582
2022-10-03 04:36:05,3,-3,3600.0,1579
2022-10-03 04:36:06,15,9,3600.25,1588
2022-10-03 04:36:07,9,-5,3600.25,1583
2022-10-03 04:36:08,4,-4,3600.25,1579
2022-10-03 04:36:10,23,6,3600.5,1585
2022-10-03 04:36:12,26,-1,3600.5,1584
2022-10-03 04:36:14,8,-6,3600.0,1578
2022-10-03 04:36:17,2,0,3600.25,1578
2022-10-03 04:36:18,28,17,3600.75,1595
2022-10-03 04:36:19,9,-9,3600.75,1586
2022-10-03 04:36:20,3,-3,3600.5,1583
2022-10-03 04:36:21,1,-1,3600.5,1582
2022-10-03 04:36:22,1,-1,3600.5,1581
2022-10-03 04:36:24,1,-1,3600.25,1580
2022-10-03 04:36:26,4,-2,3600.25,1578
2022-10-03 04:36:27,11,-5,3600.5,1573
2022-10-03 04:36:28,2,2,3600.0,1575
2022-10-03 04:36:29,27,-20,3600.0,1555
2022-10-03 04:36:31,1,-1,3600.0,1554
2022-10-03 04:36:32,9,-4,3600.0,1550
2022-10-03 04:36:33,2,2,3599.5,1552
2022-10-03 04:36:34,14,-1,3599.5,1551
2022-10-03 04:36:35,4,0,3599.0,1551
2022-10-03 04:36:37,24,16,3599.5,1567
2022-10-03 04:36:38,12,-2,3599.25,1565
2022-10-03 04:36:40,7,6,3599.5,1571
2022-10-03 04:36:41,1,-1,3599.5,1570
2022-10-03 04:36:42,3,-1,3599.5,1569
2022-10-03 04:36:44,1,-1,3599.25,1568
2022-10-03 04:36:45,1,1,3599.5,1569
2022-10-03 04:36:47,2,-2,3599.25,1567
2022-10-03 04:36:48,20,5,3599.75,1572
2022-10-03 04:36:49,3,-3,3599.5,1569
2022-10-03 04:36:51,1,1,3599.75,1570
2022-10-03 04:36:52,8,0,3599.75,1570
2022-10-03 04:36:53,29,15,3600.0,1585
2022-10-03 04:36:54,3,1,3599.75,1586
2022-10-03 04:36:55,32,-1,3599.75,1585
2022-10-03 04:36:56,7,-3,3599.5,1582
2022-10-03 04:37:00,3,1,3599.5,1583
2022-10-03 04:37:02,7,1,3599.5,1584
2022-10-03 04:37:05,4,2,3599.25,1586
2022-10-03 04:37:06,2,-2,3599.25,1584
2022-10-03 04:37:07,1,1,3599.25,1585
2022-10-03 04:37:08,3,-1,3599.25,1584
2022-10-03 04:37:10,5,-3,3599.5,1581
2022-10-03 04:37:11,1,-1,3599.0,1580
2022-10-03 04:37:12,31,-26,3598.75,1554
2022-10-03 04:37:13,48,-13,3598.5,1541
2022-10-03 04:37:14,23,4,3598.5,1545
2022-10-03 04:37:15,5,-1,3598.0,1544
2022-10-03 04:37:16,3,3,3598.25,1547
2022-10-03 04:37:17,1,-1,3598.0,1546
2022-10-03 04:37:18,14,-7,3598.0,1539
2022-10-03 04:37:19,10,-6,3597.75,1533
2022-10-03 04:37:21,18,-12,3597.75,1521
2022-10-03 04:37:23,11,-2,3597.75,1519
2022-10-03 04:37:24,14,6,3597.75,1525
2022-10-03 04:37:26,26,9,3598.0,1534
2022-10-03 04:37:28,16,-4,3598.75,1530
2022-10-03 04:37:29,4,2,3597.75,1532
2022-10-03 04:37:31,4,0,3598.0,1532
2022-10-03 04:37:32,10,-2,3598.25,1530
2022-10-03 04:37:33,12,5,3598.0,1535
2022-10-03 04:37:36,1,-1,3598.0,1534
2022-10-03 04:37:37,1,1,3598.0,1535
2022-10-03 04:37:38,2,2,3598.0,1537
2022-10-03 04:37:39,5,-5,3598.0,1532
2022-10-03 04:37:41,11,-7,3597.75,1525
2022-10-03 04:37:42,24,-13,3597.25,1512
2022-10-03 04:37:43,3,-1,3597.5,1511
2022-10-03 04:37:44,23,-3,3597.25,1508
2022-10-03 04:37:46,7,0,3597.25,1508
2022-10-03 04:37:47,1,1,3597.0,1509
2022-10-03 04:37:48,2,2,3597.25,1511
2022-10-03 04:37:49,7,0,3597.25,1511
2022-10-03 04:37:50,1,-1,3597.25,1510
2022-10-03 04:37:51,3,-3,3597.25,1507
2022-10-03 04:37:52,3,1,3597.25,1508
2022-10-03 04:37:53,1,1,3597.25,1509
2022-10-03 04:37:54,1,1,3597.25,1510
2022-10-03 04:37:55,4,3,3597.5,1513
2022-10-03 04:37:56,2,-2,3597.5,1511
2022-10-03 04:37:58,2,0,3597.5,1511
2022-10-03 04:37:59,2,2,3597.75,1513
2022-10-03 04:38:01,2,-2,3597.5,1511
2022-10-03 04:38:02,2,-2,3597.5,1509
2022-10-03 04:38:03,1,-1,3597.25,1508
2022-10-03 04:38:05,8,4,3597.25,1512
2022-10-03 04:38:06,1,-1,3597.0,1511
2022-10-03 04:38:07,1,1,3597.25,1512
2022-10-03 04:38:09,2,-2,3597.5,1510
2022-10-03 04:38:10,2,-2,3597.25,1508
2022-10-03 04:38:13,5,-3,3597.75,1505
2022-10-03 04:38:14,9,-1,3598.25,1504
2022-10-03 04:38:15,5,-5,3598.25,1499
2022-10-03 04:38:16,3,3,3598.25,1502
2022-10-03 04:38:17,4,-1,3598.0,1501
2022-10-03 04:38:18,6,3,3598.0,1504
2022-10-03 04:38:19,1,-1,3598.0,1503
2022-10-03 04:38:20,7,3,3598.25,1506
2022-10-03 04:38:21,4,-4,3598.25,1502
2022-10-03 04:38:22,2,0,3598.0,1502
2022-10-03 04:38:23,2,-2,3598.0,1500
2022-10-03 04:38:24,4,-4,3598.0,1496
2022-10-03 04:38:25,4,-4,3598.0,1492
2022-10-03 04:38:26,14,6,3597.75,1498
2022-10-03 04:38:27,4,-4,3597.5,1494
2022-10-03 04:38:28,23,-6,3597.25,1488
2022-10-03 04:38:30,12,-1,3597.0,1487
2022-10-03 04:38:31,1,1,3597.25,1488
2022-10-03 04:38:32,9,-4,3597.0,1484
2022-10-03 04:38:34,1,1,3597.25,1485
2022-10-03 04:38:35,1,1,3597.25,1486
2022-10-03 04:38:36,24,-14,3597.25,1472
2022-10-03 04:38:37,3,1,3597.25,1473
2022-10-03 04:38:40,3,1,3597.0,1474
2022-10-03 04:38:41,5,2,3597.0,1476
2022-10-03 04:38:42,7,5,3597.5,1481
2022-10-03 04:38:44,7,1,3597.5,1482
2022-10-03 04:38:45,1,-1,3597.5,1481
2022-10-03 04:38:46,1,1,3597.75,1482
2022-10-03 04:38:47,10,6,3598.0,1488
2022-10-03 04:38:48,3,-3,3597.75,1485
2022-10-03 04:38:51,5,1,3597.75,1486
2022-10-03 04:38:52,66,66,3599.0,1552
2022-10-03 04:38:53,13,0,3598.75,1552
2022-10-03 04:38:55,5,-5,3598.25,1547
2022-10-03 04:38:57,2,0,3598.25,1547
2022-10-03 04:38:58,5,3,3597.75,1550
2022-10-03 04:38:59,20,-7,3597.5,1543
2022-10-03 04:39:00,20,-5,3597.5,1538
2022-10-03 04:39:01,11,-5,3597.75,1533
2022-10-03 04:39:02,4,4,3598.25,1537
2022-10-03 04:39:03,2,-2,3597.75,1535
2022-10-03 04:39:04,2,0,3598.0,1535
2022-10-03 04:39:05,3,3,3598.25,1538
2022-10-03 04:39:06,10,-6,3598.25,1532
2022-10-03 04:39:07,1,-1,3598.0,1531
2022-10-03 04:39:09,6,-5,3597.75,1526
2022-10-03 04:39:10,6,0,3597.75,1526
2022-10-03 04:39:12,4,0,3597.75,1526
2022-10-03 04:39:13,23,-17,3597.5,1509
2022-10-03 04:39:14,14,-8,3597.5,1501
2022-10-03 04:39:15,10,0,3597.25,1501
2022-10-03 04:39:16,5,-3,3597.25,1498
2022-10-03 04:39:18,27,-15,3597.5,1483
2022-10-03 04:39:20,7,-1,3597.5,1482
2022-10-03 04:39:21,3,3,3597.25,1485
2022-10-03 04:39:22,8,6,3597.25,1491
2022-10-03 04:39:23,14,-2,3597.5,1489
2022-10-03 04:39:24,2,-2,3597.5,1487
2022-10-03 04:39:25,7,-3,3597.5,1484
2022-10-03 04:39:28,27,-2,3597.5,1482
2022-10-03 04:39:29,35,-20,3597.5,1462
2022-10-03 04:39:30,19,-3,3597.5,1459
2022-10-03 04:39:34,23,3,3597.75,1462
2022-10-03 04:39:35,2,2,3598.0,1464
2022-10-03 04:39:37,2,2,3598.25,1466
2022-10-03 04:39:38,38,20,3598.75,1486
2022-10-03 04:39:39,39,12,3598.75,1498
2022-10-03 04:39:41,7,1,3598.5,1499
2022-10-03 04:39:42,2,2,3598.5,1501
2022-10-03 04:39:43,16,10,3598.75,1511
2022-10-03 04:39:44,12,11,3598.75,1522
2022-10-03 04:39:45,23,0,3598.75,1522
2022-10-03 04:39:48,1,-1,3598.5,1521
2022-10-03 04:39:49,1,-1,3598.5,1520
2022-10-03 04:39:50,12,-7,3598.5,1513
2022-10-03 04:39:52,4,0,3598.25,1513
2022-10-03 04:39:55,1,1,3598.5,1514
2022-10-03 04:39:56,2,-2,3598.5,1512
2022-10-03 04:39:57,2,-2,3598.5,1510
2022-10-03 04:39:59,8,-6,3598.5,1504
2022-10-03 04:40:01,4,0,3598.25,1504
2022-10-03 04:40:03,9,-5,3598.25,1499
2022-10-03 04:40:04,3,-1,3598.25,1498
2022-10-03 04:40:06,4,0,3598.5,1498
2022-10-03 04:40:07,6,-4,3598.25,1494
2022-10-03 04:40:09,12,-10,3598.0,1484
2022-10-03 04:40:10,2,0,3598.25,1484
2022-10-03 04:40:11,1,1,3598.25,1485
2022-10-03 04:40:12,1,1,3598.25,1486
2022-10-03 04:40:14,2,0,3598.25,1486
2022-10-03 04:40:16,6,2,3599.0,1488
2022-10-03 04:40:17,6,6,3599.0,1494
2022-10-03 04:40:18,3,-1,3598.75,1493
2022-10-03 04:40:19,1,-1,3598.5,1492
2022-10-03 04:40:21,1,-1,3598.75,1491
2022-10-03 04:40:22,2,0,3598.75,1491
2022-10-03 04:40:26,6,2,3599.25,1493
2022-10-03 04:40:27,15,7,3599.75,1500
2022-10-03 04:40:29,1,-1,3599.25,1499
2022-10-03 04:40:30,6,-2,3599.25,1497
2022-10-03 04:40:31,6,4,3599.0,1501
2022-10-03 04:40:32,5,-5,3599.0,1496
2022-10-03 04:40:33,3,-3,3599.0,1493
2022-10-03 04:40:35,2,-2,3599.0,1491
2022-10-03 04:40:36,2,-2,3599.0,1489
2022-10-03 04:40:39,19,8,3599.25,1497
2022-10-03 04:40:41,7,0,3599.25,1497
2022-10-03 04:40:42,3,-1,3599.25,1496
2022-10-03 04:40:43,3,-1,3599.25,1495
2022-10-03 04:40:44,13,-11,3599.0,1484
2022-10-03 04:40:48,3,-3,3599.0,1481
2022-10-03 04:40:49,2,2,3599.5,1483
2022-10-03 04:40:51,16,6,3599.75,1489
2022-10-03 04:40:52,6,-5,3599.5,1484
2022-10-03 04:40:53,62,-28,3599.5,1456
2022-10-03 04:40:54,21,8,3599.5,1464
2022-10-03 04:40:56,4,2,3599.5,1466
2022-10-03 04:40:59,1,1,3599.25,1467
2022-10-03 04:41:00,4,2,3599.75,1469
2022-10-03 04:41:01,11,11,3599.5,1480
2022-10-03 04:41:02,6,-2,3599.5,1478
2022-10-03 04:41:03,1,-1,3599.25,1477
2022-10-03 04:41:06,7,1,3599.5,1478
2022-10-03 04:41:07,1,-1,3599.75,1477
2022-10-03 04:41:08,2,2,3600.0,1479
2022-10-03 04:41:09,1,-1,3599.75,1478
2022-10-03 04:41:10,31,-14,3599.75,1464
2022-10-03 04:41:11,15,5,3599.75,1469
2022-10-03 04:41:12,1,1,3599.75,1470
2022-10-03 04:41:13,9,3,3599.75,1473
2022-10-03 04:41:14,2,-2,3599.75,1471
2022-10-03 04:41:16,3,1,3599.5,1472
2022-10-03 04:41:20,12,7,3599.75,1479
2022-10-03 04:41:21,4,0,3599.5,1479
2022-10-03 04:41:23,16,-4,3599.5,1475
2022-10-03 04:41:25,8,0,3599.5,1475
2022-10-03 04:41:27,4,2,3599.5,1477
2022-10-03 04:41:28,2,0,3599.5,1477
2022-10-03 04:41:31,9,9,3599.75,1486
2022-10-03 04:41:32,2,0,3599.75,1486
2022-10-03 04:41:33,3,0,3599.75,1486
2022-10-03 04:41:34,3,1,3599.75,1487
2022-10-03 04:41:37,3,-1,3599.75,1486
2022-10-03 04:41:38,1,1,3600.0,1487
2022-10-03 04:41:42,2,-2,3599.75,1485
2022-10-03 04:41:44,11,9,3600.0,1494
2022-10-03 04:41:45,12,-4,3599.75,1490
2022-10-03 04:41:46,4,4,3600.0,1494
2022-10-03 04:41:47,13,-7,3600.0,1487
2022-10-03 04:41:51,9,-3,3599.75,1484
2022-10-03 04:41:52,6,-6,3599.25,1478
2022-10-03 04:41:54,4,4,3599.25,1482
2022-10-03 04:41:56,2,0,3599.5,1482
2022-10-03 04:41:59,8,-6,3599.25,1476
2022-10-03 04:42:00,93,-1,3599.75,1475
2022-10-03 04:42:01,15,13,3600.0,1488
2022-10-03 04:42:03,2,2,3600.25,1490
2022-10-03 04:42:05,8,-6,3600.0,1484
2022-10-03 04:42:07,7,-3,3599.75,1481
2022-10-03 04:42:08,1,1,3600.0,1482
2022-10-03 04:42:11,9,5,3600.25,1487
2022-10-03 04:42:12,2,-2,3600.25,1485
2022-10-03 04:42:13,32,-24,3600.0,1461
2022-10-03 04:42:14,2,-2,3599.25,1459
2022-10-03 04:42:15,7,-1,3599.25,1458
2022-10-03 04:42:16,9,-5,3599.25,1453
2022-10-03 04:42:18,2,-2,3599.0,1451
2022-10-03 04:42:20,2,-2,3599.0,1449
2022-10-03 04:42:21,115,-31,3599.0,1418
2022-10-03 04:42:22,26,-6,3598.25,1412
2022-10-03 04:42:23,26,16,3598.25,1428
2022-10-03 04:42:24,6,-1,3597.5,1427
2022-10-03 04:42:25,7,1,3597.5,1428
2022-10-03 04:42:26,7,4,3597.25,1432
2022-10-03 04:42:27,3,3,3597.5,1435
2022-10-03 04:42:31,11,0,3597.75,1435
2022-10-03 04:42:32,1,-1,3597.25,1434
2022-10-03 04:42:34,1,-1,3597.5,1433
2022-10-03 04:42:37,11,-11,3597.5,1422
2022-10-03 04:42:38,4,4,3597.5,1426
2022-10-03 04:42:40,5,-5,3597.25,1421
2022-10-03 04:42:41,14,-12,3597.0,1409
2022-10-03 04:42:42,2,2,3597.25,1411
2022-10-03 04:42:43,4,-2,3597.25,1409
2022-10-03 04:42:44,5,1,3597.25,1410
2022-10-03 04:42:45,5,-1,3597.0,1409
2022-10-03 04:42:46,7,1,3597.25,1410
2022-10-03 04:42:47,6,-3,3597.0,1407
2022-10-03 04:42:48,13,15,3597.5,1422
2022-10-03 04:42:49,2,0,3597.5,1422
2022-10-03 04:42:51,1,-1,3597.0,1421
2022-10-03 04:42:53,6,0,3597.0,1421
2022-10-03 04:42:55,2,-2,3597.0,1419
2022-10-03 04:42:56,1,-1,3597.0,1418
2022-10-03 04:42:57,1,-1,3597.25,1417
2022-10-03 04:42:58,57,-31,3597.25,1386
2022-10-03 04:42:59,1,1,3597.5,1387
2022-10-03 04:43:00,16,-4,3597.25,1383
2022-10-03 04:43:02,5,-5,3597.25,1378
2022-10-03 04:43:03,3,1,3597.25,1379
2022-10-03 04:43:04,1,1,3597.5,1380
2022-10-03 04:43:05,2,2,3597.5,1382
2022-10-03 04:43:07,2,2,3597.75,1384
2022-10-03 04:43:09,1,1,3597.5,1385
2022-10-03 04:43:10,3,1,3597.75,1386
2022-10-03 04:43:16,2,0,3597.75,1386
2022-10-03 04:43:19,2,-2,3597.5,1384
2022-10-03 04:43:21,1,-1,3597.75,1383
2022-10-03 04:43:22,66,-74,3597.5,1309
2022-10-03 04:43:23,2,-2,3597.5,1307
2022-10-03 04:43:24,24,23,3597.75,1330
2022-10-03 04:43:25,5,-1,3597.25,1329
2022-10-03 04:43:27,2,2,3597.25,1331
2022-10-03 04:43:29,1,-1,3597.25,1330
2022-10-03 04:43:30,7,1,3597.25,1331
2022-10-03 04:43:31,4,2,3597.25,1333
2022-10-03 04:43:32,3,3,3597.5,1336
2022-10-03 04:43:33,1,-1,3597.5,1335
2022-10-03 04:43:34,4,2,3597.5,1337
2022-10-03 04:43:35,3,3,3597.5,1340
2022-10-03 04:43:36,5,-5,3597.5,1335
2022-10-03 04:43:37,1,1,3597.5,1336
2022-10-03 04:43:40,11,9,3598.5,1345
2022-10-03 04:43:41,31,3,3599.0,1348
2022-10-03 04:43:44,1,-1,3598.75,1347
2022-10-03 04:43:45,9,5,3599.0,1352
2022-10-03 04:43:46,2,-2,3598.75,1350
2022-10-03 04:43:48,1,-1,3598.75,1349
2022-10-03 04:43:49,1,1,3599.0,1350
2022-10-03 04:43:51,1,-1,3599.25,1349
2022-10-03 04:43:52,5,3,3599.25,1352
2022-10-03 04:43:53,10,8,3599.5,1360
2022-10-03 04:43:55,5,-5,3599.25,1355
2022-10-03 04:43:56,5,-1,3599.25,1354
2022-10-03 04:43:57,4,0,3599.25,1354
2022-10-03 04:43:58,1,-1,3599.0,1353
2022-10-03 04:43:59,17,5,3599.0,1358
2022-10-03 04:44:00,8,-8,3598.75,1350
2022-10-03 04:44:01,13,1,3598.75,1351
2022-10-03 04:44:02,1,-1,3598.75,1350
2022-10-03 04:44:03,19,24,3599.25,1374
2022-10-03 04:44:04,1,1,3599.25,1375
2022-10-03 04:44:05,4,0,3599.25,1375
2022-10-03 04:44:09,2,-2,3599.0,1373
2022-10-03 04:44:11,2,-2,3598.75,1371
2022-10-03 04:44:12,4,4,3598.75,1375
2022-10-03 04:44:13,5,2,3599.0,1377
2022-10-03 04:44:16,3,-3,3598.75,1374
2022-10-03 04:44:17,21,32,3598.75,1406
2022-10-03 04:44:18,12,1,3598.75,1407
2022-10-03 04:44:22,5,-3,3598.0,1404
2022-10-03 04:44:23,2,2,3598.0,1406
2022-10-03 04:44:25,5,5,3598.0,1411
2022-10-03 04:44:27,2,2,3598.0,1413
2022-10-03 04:44:28,1,-1,3598.0,1412
2022-10-03 04:44:30,7,-7,3598.0,1405
2022-10-03 04:44:31,8,6,3598.0,1411
2022-10-03 04:44:38,14,-4,3597.75,1407
2022-10-03 04:44:39,6,4,3597.75,1411
2022-10-03 04:44:40,23,9,3598.0,1420
2022-10-03 04:44:42,8,6,3598.5,1426
2022-10-03 04:44:45,3,-1,3598.5,1425
2022-10-03 04:44:47,1,1,3598.5,1426
2022-10-03 04:44:49,1,1,3598.5,1427
2022-10-03 04:44:51,6,-1,3598.5,1426
2022-10-03 04:44:55,8,-1,3598.5,1425
2022-10-03 04:44:56,2,-2,3598.5,1423
2022-10-03 04:44:58,7,5,3599.0,1428
2022-10-03 04:44:59,7,-1,3598.75,1427
2022-10-03 04:45:00,15,-2,3598.75,1425
2022-10-03 04:45:02,1,-1,3598.25,1424
2022-10-03 04:45:04,7,-1,3598.25,1423
2022-10-03 04:45:06,13,-1,3598.0,1422
2022-10-03 04:45:07,6,5,3598.25,1427
2022-10-03 04:45:08,3,3,3598.5,1430
2022-10-03 04:45:10,2,-2,3598.25,1428
2022-10-03 04:45:14,11,-4,3598.75,1424
2022-10-03 04:45:15,1,1,3598.5,1425
2022-10-03 04:45:18,2,2,3598.5,1427
2022-10-03 04:45:21,6,2,3598.75,1429
2022-10-03 04:45:22,2,2,3598.75,1431
2022-10-03 04:45:26,20,0,3598.75,1431
2022-10-03 04:45:29,4,2,3599.0,1433
2022-10-03 04:45:31,1,1,3599.0,1434
2022-10-03 04:45:33,10,8,3599.5,1442
2022-10-03 04:45:34,3,3,3599.5,1445
2022-10-03 04:45:36,2,0,3599.25,1445
2022-10-03 04:45:39,23,-3,3599.0,1442
2022-10-03 04:45:42,2,-2,3598.25,1440
2022-10-03 04:45:46,16,-3,3598.25,1437
2022-10-03 04:45:47,1,1,3598.0,1438
2022-10-03 04:45:49,4,0,3598.0,1438
2022-10-03 04:45:50,2,2,3598.25,1440
2022-10-03 04:45:51,11,9,3598.5,1449
2022-10-03 04:45:53,19,15,3598.75,1464
2022-10-03 04:45:54,1,-1,3598.5,1463
2022-10-03 04:45:56,1,-1,3598.75,1462
2022-10-03 04:45:57,4,4,3598.75,1466
2022-10-03 04:45:58,3,2,3599.0,1468
2022-10-03 04:46:02,2,-2,3598.75,1466
2022-10-03 04:46:04,2,2,3598.75,1468
2022-10-03 04:46:05,6,0,3599.25,1468
2022-10-03 04:46:08,6,-2,3599.25,1466
2022-10-03 04:46:09,34,-18,3599.0,1448
2022-10-03 04:46:10,7,-3,3598.5,1445
2022-10-03 04:46:11,10,8,3598.75,1453
2022-10-03 04:46:13,1,1,3598.75,1454
2022-10-03 04:46:14,4,-4,3598.5,1450
2022-10-03 04:46:16,3,1,3598.75,1451
2022-10-03 04:46:17,1,1,3599.0,1452
2022-10-03 04:46:18,6,6,3599.0,1458
2022-10-03 04:46:19,3,-3,3598.75,1455
2022-10-03 04:46:21,32,16,3599.5,1471
2022-10-03 04:46:23,1,-1,3599.25,1470
2022-10-03 04:46:24,26,4,3599.75,1474
2022-10-03 04:46:26,2,0,3599.75,1474
2022-10-03 04:46:27,13,-1,3599.5,1473
2022-10-03 04:46:28,4,-2,3599.75,1471
2022-10-03 04:46:29,7,5,3599.75,1476
2022-10-03 04:46:30,3,3,3599.75,1479
2022-10-03 04:46:31,6,-4,3599.5,1475
2022-10-03 04:46:33,1,1,3599.5,1476
2022-10-03 04:46:35,25,13,3599.75,1489
2022-10-03 04:46:37,6,4,3600.0,1493
2022-10-03 04:46:38,6,3,3599.75,1496
2022-10-03 04:46:40,62,44,3600.75,1540
2022-10-03 04:46:41,3,3,3600.75,1543
2022-10-03 04:46:43,11,5,3600.75,1548
2022-10-03 04:46:44,3,1,3600.75,1549
2022-10-03 04:46:45,2,2,3601.0,1551
2022-10-03 04:46:46,1,-1,3600.75,1550
2022-10-03 04:46:47,8,3,3601.0,1553
2022-10-03 04:46:48,1,-1,3601.0,1552
2022-10-03 04:46:49,8,2,3601.0,1554
2022-10-03 04:46:50,3,1,3601.25,1555
2022-10-03 04:46:51,4,-4,3600.75,1551
2022-10-03 04:46:52,6,2,3600.75,1553
2022-10-03 04:46:53,11,-3,3600.5,1550
2022-10-03 04:46:55,2,-2,3600.5,1548
2022-10-03 04:46:56,8,-2,3600.5,1546
2022-10-03 04:46:57,7,-1,3600.5,1545
2022-10-03 04:46:58,3,3,3600.5,1548
2022-10-03 04:47:00,5,1,3600.5,1549
2022-10-03 04:47:01,5,5,3600.5,1554
2022-10-03 04:47:03,2,-2,3600.25,1552
2022-10-03 04:47:04,10,0,3600.25,1552
2022-10-03 04:47:05,7,-1,3600.25,1551
2022-10-03 04:47:06,15,-1,3599.75,1550
2022-10-03 04:47:07,5,-5,3599.75,1545
2022-10-03 04:47:08,3,3,3599.75,1548
2022-10-03 04:47:09,17,5,3599.75,1553
2022-10-03 04:47:11,5,9,3600.0,1562
2022-10-03 04:47:12,3,-1,3600.0,1561
2022-10-03 04:47:13,3,2,3599.75,1563
2022-10-03 04:47:14,7,1,3599.5,1564
2022-10-03 04:47:15,5,-5,3599.5,1559
2022-10-03 04:47:18,3,3,3599.75,1562
2022-10-03 04:47:21,8,0,3600.0,1562
2022-10-03 04:47:24,3,1,3599.75,1563
2022-10-03 04:47:29,2,2,3599.75,1565
2022-10-03 04:47:30,26,-11,3599.25,1554
2022-10-03 04:47:31,4,0,3598.5,1554
2022-10-03 04:47:32,2,0,3598.5,1554
2022-10-03 04:47:33,4,2,3598.5,1556
2022-10-03 04:47:34,2,-2,3598.25,1554
2022-10-03 04:47:35,12,4,3598.5,1558
2022-10-03 04:47:36,20,-6,3598.5,1552
2022-10-03 04:47:38,3,-1,3598.5,1551
2022-10-03 04:47:39,2,-2,3598.5,1549
2022-10-03 04:47:40,9,4,3598.5,1553
2022-10-03 04:47:43,2,2,3598.5,1555
2022-10-03 04:47:44,5,4,3598.75,1559
2022-10-03 04:47:45,12,3,3598.75,1562
2022-10-03 04:47:46,7,5,3598.75,1567
2022-10-03 04:47:48,2,2,3599.0,1569
2022-10-03 04:47:50,12,-2,3599.5,1567
2022-10-03 04:47:51,2,-1,3599.0,1566
2022-10-03 04:47:54,12,-8,3598.75,1558
2022-10-03 04:48:01,4,2,3598.75,1560
2022-10-03 04:48:03,9,-7,3598.5,1553
2022-10-03 04:48:04,1,-1,3598.25,1552
2022-10-03 04:48:05,2,2,3598.5,1554
2022-10-03 04:48:07,1,-1,3598.25,1553
2022-10-03 04:48:08,6,-6,3598.25,1547
2022-10-03 04:48:10,2,0,3598.25,1547
2022-10-03 04:48:11,2,0,3598.5,1547
2022-10-03 04:48:14,1,-1,3598.75,1546
2022-10-03 04:48:16,2,0,3598.5,1546
2022-10-03 04:48:18,5,5,3598.75,1551
2022-10-03 04:48:19,8,-5,3598.5,1546
2022-10-03 04:48:21,20,-4,3598.5,1542
2022-10-03 04:48:23,4,3,3598.0,1545
2022-10-03 04:48:24,5,-5,3598.25,1540
2022-10-03 04:48:26,1,-1,3597.75,1539
2022-10-03 04:48:30,3,1,3597.75,1540
2022-10-03 04:48:32,1,-1,3597.75,1539
2022-10-03 04:48:33,3,-1,3597.75,1538
2022-10-03 04:48:34,5,-5,3597.25,1533
2022-10-03 04:48:35,4,2,3597.25,1535
2022-10-03 04:48:38,9,2,3597.75,1537
2022-10-03 04:48:41,22,15,3598.25,1552
2022-10-03 04:48:42,1,1,3598.5,1553
2022-10-03 04:48:45,3,-3,3598.5,1550
2022-10-03 04:48:47,3,-3,3598.5,1547
2022-10-03 04:48:49,15,6,3599.0,1553
2022-10-03 04:48:50,2,2,3599.25,1555
2022-10-03 04:48:51,23,17,3600.0,1572
2022-10-03 04:48:52,1,-1,3600.0,1571
2022-10-03 04:48:53,7,-3,3600.0,1568
2022-10-03 04:48:54,2,0,3599.75,1568
2022-10-03 04:48:55,6,-6,3599.75,1562
2022-10-03 04:48:56,1,-1,3599.75,1561
2022-10-03 04:48:58,1,-1,3599.75,1560
2022-10-03 04:48:59,4,0,3600.0,1560
2022-10-03 04:49:00,1,-1,3599.5,1559
2022-10-03 04:49:01,1,-1,3599.5,1558
2022-10-03 04:49:02,127,48,3600.25,1606
2022-10-03 04:49:04,35,50,3600.75,1656
2022-10-03 04:49:06,5,1,3600.5,1657
2022-10-03 04:49:07,3,1,3600.5,1658
2022-10-03 04:49:08,1,1,3600.5,1659
2022-10-03 04:49:09,7,-1,3600.25,1658
2022-10-03 04:49:10,30,19,3600.75,1677
2022-10-03 04:49:11,10,7,3600.5,1684
2022-10-03 04:49:12,1,1,3600.5,1685
2022-10-03 04:49:15,3,-3,3600.25,1682
2022-10-03 04:49:16,2,-2,3600.0,1680
2022-10-03 04:49:17,11,-3,3600.25,1677
2022-10-03 04:49:18,1,1,3600.25,1678
2022-10-03 04:49:19,1,1,3600.25,1679
2022-10-03 04:49:20,2,-2,3600.0,1677
2022-10-03 04:49:22,4,4,3600.25,1681
2022-10-03 04:49:23,1,1,3600.25,1682
2022-10-03 04:49:24,1,1,3600.25,1683
2022-10-03 04:49:26,26,-14,3600.0,1669
2022-10-03 04:49:30,4,2,3599.5,1671
2022-10-03 04:49:31,6,-2,3599.75,1669
2022-10-03 04:49:32,1,1,3599.75,1670
2022-10-03 04:49:40,2,-2,3599.25,1668
2022-10-03 04:49:41,2,2,3599.5,1670
2022-10-03 04:49:42,9,-1,3599.5,1669
2022-10-03 04:49:43,3,3,3599.75,1672
2022-10-03 04:49:45,4,4,3600.0,1676
2022-10-03 04:49:47,1,-1,3599.5,1675
2022-10-03 04:49:48,3,3,3599.75,1678
2022-10-03 04:49:49,3,3,3599.75,1681
2022-10-03 04:49:51,12,-12,3599.5,1669
2022-10-03 04:49:52,4,-2,3599.25,1667
2022-10-03 04:49:55,1,1,3599.0,1668
2022-10-03 04:50:00,5,-3,3599.0,1665
2022-10-03 04:50:01,2,2,3599.25,1667
2022-10-03 04:50:02,2,-2,3599.25,1665
2022-10-03 04:50:06,19,13,3599.5,1678
2022-10-03 04:50:11,1,-1,3599.25,1677
2022-10-03 04:50:13,4,-2,3599.75,1675
2022-10-03 04:50:14,1,-1,3599.5,1674
2022-10-03 04:50:16,1,1,3600.0,1675
2022-10-03 04:50:17,1,-1,3599.75,1674
2022-10-03 04:50:21,1,1,3600.0,1675
2022-10-03 04:50:22,1,-1,3600.0,1674
2022-10-03 04:50:25,5,3,3600.0,1677
2022-10-03 04:50:26,2,2,3600.0,1679
2022-10-03 04:50:27,1,-1,3600.0,1678
2022-10-03 04:50:31,12,-2,3600.5,1676
2022-10-03 04:50:32,8,0,3600.5,1676
2022-10-03 04:50:33,3,-3,3600.5,1673
2022-10-03 04:50:35,7,5,3600.5,1678
2022-10-03 04:50:36,3,1,3600.5,1679
2022-10-03 04:50:38,6,0,3600.5,1679
2022-10-03 04:50:39,1,-1,3599.75,1678
2022-10-03 04:50:40,1,1,3600.0,1679
2022-10-03 04:50:43,1,1,3600.0,1680
2022-10-03 04:50:44,1,1,3600.0,1681
2022-10-03 04:50:48,2,0,3600.0,1681
2022-10-03 04:50:54,4,-4,3599.75,1677
2022-10-03 04:50:55,3,3,3599.75,1680
2022-10-03 04:50:57,1,-1,3599.75,1679
2022-10-03 04:50:58,1,-1,3599.5,1678
2022-10-03 04:51:00,2,-2,3599.5,1676
2022-10-03 04:51:01,2,0,3599.5,1676
2022-10-03 04:51:03,10,9,3600.0,1685
2022-10-03 04:51:05,1,1,3600.25,1686
2022-10-03 04:51:06,4,2,3600.0,1688
2022-10-03 04:51:10,8,-5,3599.5,1683
2022-10-03 04:51:11,4,2,3599.5,1685
2022-10-03 04:51:14,4,0,3599.25,1685
2022-10-03 04:51:15,2,2,3599.5,1687
2022-10-03 04:51:17,9,-1,3599.25,1686
2022-10-03 04:51:18,3,1,3599.0,1687
2022-10-03 04:51:19,3,3,3599.0,1690
2022-10-03 04:51:23,5,-3,3598.75,1687
2022-10-03 04:51:24,9,2,3598.75,1689
2022-10-03 04:51:26,10,5,3598.75,1694
2022-10-03 04:51:34,5,-5,3598.5,1689
2022-10-03 04:51:35,2,2,3598.25,1691
2022-10-03 04:51:36,4,2,3598.0,1693
2022-10-03 04:51:38,3,1,3598.0,1694
2022-10-03 04:51:39,4,2,3598.25,1696
2022-10-03 04:51:41,15,0,3598.5,1696
2022-10-03 04:51:42,5,-3,3598.25,1693
2022-10-03 04:51:46,4,0,3598.25,1693
2022-10-03 04:51:48,2,2,3598.25,1695
2022-10-03 04:51:49,1,-1,3598.0,1694
2022-10-03 04:51:50,15,4,3598.0,1698
2022-10-03 04:51:52,10,6,3598.5,1704
2022-10-03 04:51:54,7,-1,3598.75,1703
2022-10-03 04:51:55,5,3,3598.75,1706
2022-10-03 04:51:59,2,2,3598.5,1708
2022-10-03 04:52:01,3,-3,3598.5,1705
2022-10-03 04:52:04,8,2,3598.5,1707
2022-10-03 04:52:05,3,-1,3598.25,1706
2022-10-03 04:52:11,1,-1,3598.25,1705
2022-10-03 04:52:13,6,3,3598.5,1708
2022-10-03 04:52:14,4,4,3598.5,1712
2022-10-03 04:52:15,2,2,3598.75,1714
2022-10-03 04:52:19,8,0,3598.5,1714
2022-10-03 04:52:21,1,1,3598.5,1715
2022-10-03 04:52:22,2,0,3598.5,1715
2022-10-03 04:52:27,1,-1,3598.5,1714
2022-10-03 04:52:29,2,2,3598.5,1716
2022-10-03 04:52:35,6,2,3598.5,1718
2022-10-03 04:52:36,3,-3,3598.25,1715
2022-10-03 04:52:39,7,7,3598.5,1722
2022-10-03 04:52:42,2,2,3598.75,1724
2022-10-03 04:52:47,1,-1,3598.5,1723
2022-10-03 04:52:48,11,8,3599.25,1731
2022-10-03 04:52:51,14,3,3599.25,1734
2022-10-03 04:52:52,17,7,3599.5,1741
2022-10-03 04:52:54,4,-4,3599.25,1737
2022-10-03 04:53:00,15,1,3599.5,1738
2022-10-03 04:53:01,5,-5,3599.25,1733
2022-10-03 04:53:02,2,0,3599.25,1733
2022-10-03 04:53:03,2,2,3599.25,1735
2022-10-03 04:53:06,2,-2,3599.5,1733
2022-10-03 04:53:08,2,-2,3599.25,1731
2022-10-03 04:53:09,18,-5,3599.25,1726
2022-10-03 04:53:12,7,-2,3599.25,1724
2022-10-03 04:53:13,1,-1,3599.0,1723
2022-10-03 04:53:16,2,0,3599.25,1723
2022-10-03 04:53:17,1,-1,3599.25,1722
2022-10-03 04:53:21,7,3,3599.5,1725
2022-10-03 04:53:22,1,-1,3599.25,1724
2022-10-03 04:53:25,2,2,3599.5,1726
2022-10-03 04:53:26,24,-10,3599.25,1716
2022-10-03 04:53:28,1,-1,3598.75,1715
2022-10-03 04:53:29,3,3,3599.0,1718
2022-10-03 04:53:31,4,0,3599.0,1718
2022-10-03 04:53:32,2,0,3599.0,1718
2022-10-03 04:53:34,1,-1,3598.75,1717
2022-10-03 04:53:36,22,6,3599.25,1723
2022-10-03 04:53:37,4,2,3599.5,1725
2022-10-03 04:53:39,1,-1,3599.25,1724
2022-10-03 04:53:44,47,17,3600.0,1741
2022-10-03 04:53:47,4,0,3600.0,1741
2022-10-03 04:53:49,7,-1,3600.0,1740
2022-10-03 04:53:50,1,1,3600.0,1741
2022-10-03 04:53:51,1,1,3600.0,1742
2022-10-03 04:53:52,12,-8,3599.75,1734
2022-10-03 04:53:55,5,4,3599.75,1738
2022-10-03 04:53:57,1,-1,3599.25,1737
2022-10-03 04:53:58,3,-3,3599.25,1734
2022-10-03 04:53:59,1,1,3599.25,1735
2022-10-03 04:54:00,4,4,3599.25,1739
2022-10-03 04:54:02,4,4,3599.25,1743
2022-10-03 04:54:04,1,1,3599.25,1744
2022-10-03 04:54:05,3,3,3599.25,1747
2022-10-03 04:54:06,5,5,3599.5,1752
2022-10-03 04:54:08,6,-2,3599.5,1750
2022-10-03 04:54:09,4,-4,3599.0,1746
2022-10-03 04:54:10,6,-6,3599.0,1740
2022-10-03 04:54:17,19,5,3599.5,1745
2022-10-03 04:54:18,2,2,3599.25,1747
2022-10-03 04:54:22,2,2,3599.25,1749
2022-10-03 04:54:23,1,-1,3599.25,1748
2022-10-03 04:54:24,4,4,3599.5,1752
2022-10-03 04:54:27,31,19,3599.75,1771
2022-10-03 04:54:28,4,2,3599.75,1773
2022-10-03 04:54:29,9,-5,3599.75,1768
2022-10-03 04:54:31,3,-3,3599.75,1765
2022-10-03 04:54:33,1,-1,3599.75,1764
2022-10-03 04:54:35,6,0,3599.75,1764
2022-10-03 04:54:36,3,1,3599.75,1765
2022-10-03 04:54:37,3,1,3599.75,1766
2022-10-03 04:54:38,12,10,3599.75,1776
2022-10-03 04:54:40,29,12,3600.25,1788
2022-10-03 04:54:41,1,-1,3600.0,1787
2022-10-03 04:54:42,6,0,3599.75,1787
2022-10-03 04:54:43,2,2,3599.75,1789
2022-10-03 04:54:45,4,0,3600.0,1789
2022-10-03 04:54:48,15,11,3600.5,1800
2022-10-03 04:54:49,1,-1,3600.25,1799
2022-10-03 04:54:50,7,-5,3600.25,1794
2022-10-03 04:54:51,3,3,3600.25,1797
2022-10-03 04:54:53,14,-23,3600.25,1774
2022-10-03 04:54:54,1,-1,3599.5,1773
2022-10-03 04:54:56,6,2,3600.0,1775
2022-10-03 04:54:57,6,5,3600.0,1780
2022-10-03 04:54:58,1,1,3600.0,1781
2022-10-03 04:54:59,1,-1,3600.0,1780
2022-10-03 04:55:01,2,0,3600.25,1780
2022-10-03 04:55:03,1,1,3600.25,1781
2022-10-03 04:55:05,14,-6,3600.0,1775
2022-10-03 04:55:06,4,0,3600.0,1775
2022-10-03 04:55:07,3,-1,3599.75,1774
2022-10-03 04:55:09,5,3,3599.75,1777
2022-10-03 04:55:11,2,-2,3599.75,1775
2022-10-03 04:55:12,1,-1,3599.5,1774
2022-10-03 04:55:14,26,-4,3599.5,1770
2022-10-03 04:55:16,2,2,3599.25,1772
2022-10-03 04:55:17,4,0,3599.25,1772
2022-10-03 04:55:18,9,-5,3599.5,1767
2022-10-03 04:55:19,6,-1,3599.25,1766
2022-10-03 04:55:20,7,7,3599.5,1773
2022-10-03 04:55:21,3,-1,3599.5,1772
2022-10-03 04:55:25,1,-1,3599.5,1771
2022-10-03 04:55:26,1,1,3599.5,1772
2022-10-03 04:55:27,3,-1,3599.5,1771
2022-10-03 04:55:28,1,-1,3599.25,1770
2022-10-03 04:55:30,7,3,3599.5,1773
2022-10-03 04:55:31,14,-8,3599.0,1765
2022-10-03 04:55:32,4,3,3599.25,1768
2022-10-03 04:55:35,7,3,3599.25,1771
2022-10-03 04:55:37,9,-3,3599.0,1768
2022-10-03 04:55:45,20,-14,3598.75,1754
2022-10-03 04:55:46,8,-5,3598.75,1749
2022-10-03 04:55:47,1,-1,3598.75,1748
2022-10-03 04:55:51,2,0,3598.75,1748
2022-10-03 04:55:52,1,1,3598.75,1749
2022-10-03 04:55:55,11,7,3598.75,1756
2022-10-03 04:55:57,1,1,3598.75,1757
2022-10-03 04:55:58,1,1,3598.75,1758
2022-10-03 04:55:59,6,6,3599.25,1764
2022-10-03 04:56:01,10,11,3599.75,1775
2022-10-03 04:56:02,1,1,3599.75,1776
2022-10-03 04:56:03,22,5,3600.0,1781
2022-10-03 04:56:04,28,-15,3599.75,1766
2022-10-03 04:56:05,5,-1,3599.25,1765
2022-10-03 04:56:07,7,-7,3599.0,1758
2022-10-03 04:56:08,9,7,3599.0,1765
2022-10-03 04:56:11,3,-3,3598.75,1762
2022-10-03 04:56:12,5,-5,3598.75,1757
2022-10-03 04:56:13,2,2,3599.0,1759
2022-10-03 04:56:14,9,-5,3599.25,1754
2022-10-03 04:56:15,18,7,3600.0,1761
2022-10-03 04:56:16,16,1,3600.25,1762
2022-10-03 04:56:17,6,-2,3600.25,1760
2022-10-03 04:56:18,4,0,3600.25,1760
2022-10-03 04:56:20,9,1,3600.0,1761
2022-10-03 04:56:21,25,-5,3600.0,1756
2022-10-03 04:56:24,11,-10,3599.5,1746
2022-10-03 04:56:27,3,3,3599.75,1749
2022-10-03 04:56:28,18,-2,3599.75,1747
2022-10-03 04:56:33,2,1,3599.75,1748
2022-10-03 04:56:34,15,-6,3600.0,1742
2022-10-03 04:56:35,1,1,3600.0,1743
2022-10-03 04:56:36,33,12,3600.75,1755
2022-10-03 04:56:37,9,0,3600.5,1755
2022-10-03 04:56:38,11,-6,3600.25,1749
2022-10-03 04:56:39,2,2,3600.25,1751
2022-10-03 04:56:40,3,3,3600.25,1754
2022-10-03 04:56:48,6,-4,3600.25,1750
2022-10-03 04:56:49,3,-1,3600.0,1749
2022-10-03 04:56:50,2,-2,3600.0,1747
2022-10-03 04:56:51,12,-12,3599.75,1735
2022-10-03 04:56:52,7,2,3599.75,1737
2022-10-03 04:56:53,1,1,3599.75,1738
2022-10-03 04:56:54,5,5,3600.0,1743
2022-10-03 04:57:00,11,-3,3599.75,1740
2022-10-03 04:57:01,11,3,3599.75,1743
2022-10-03 04:57:02,1,-1,3599.75,1742
2022-10-03 04:57:03,11,1,3600.0,1743
2022-10-03 04:57:04,6,0,3600.0,1743
2022-10-03 04:57:05,3,1,3600.25,1744
2022-10-03 04:57:06,1,-1,3600.0,1743
2022-10-03 04:57:07,2,2,3600.0,1745
2022-10-03 04:57:10,3,-3,3600.0,1742
2022-10-03 04:57:11,1,-1,3599.75,1741
2022-10-03 04:57:12,20,-9,3599.5,1732
2022-10-03 04:57:13,1,-1,3598.75,1731
2022-10-03 04:57:14,1,1,3599.0,1732
2022-10-03 04:57:15,2,2,3598.75,1734
2022-10-03 04:57:16,16,-12,3598.75,1722
2022-10-03 04:57:18,7,2,3598.75,1724
2022-10-03 04:57:19,5,3,3598.75,1727
2022-10-03 04:57:20,4,0,3598.75,1727
2022-10-03 04:57:24,5,0,3599.0,1727
2022-10-03 04:57:25,1,-1,3598.75,1726
2022-10-03 04:57:31,5,-5,3598.75,1721
2022-10-03 04:57:32,5,5,3598.75,1726
2022-10-03 04:57:35,1,1,3598.75,1727
2022-10-03 04:57:37,1,1,3599.0,1728
2022-10-03 04:57:38,2,2,3599.0,1730
2022-10-03 04:57:40,5,1,3598.75,1731
2022-10-03 04:57:42,19,4,3599.0,1735
2022-10-03 04:57:43,4,0,3599.75,1735
2022-10-03 04:57:44,4,-2,3599.75,1733
2022-10-03 04:57:48,8,6,3600.0,1739
2022-10-03 04:57:49,13,-15,3600.0,1724
2022-10-03 04:57:51,8,-2,3599.75,1722
2022-10-03 04:57:53,1,1,3600.0,1723
2022-10-03 04:57:54,6,-2,3599.75,1721
2022-10-03 04:57:55,2,2,3599.75,1723
2022-10-03 04:57:56,2,2,3600.0,1725
2022-10-03 04:57:57,6,-6,3600.0,1719
2022-10-03 04:57:58,1,-1,3599.5,1718
2022-10-03 04:58:00,6,2,3599.75,1720
2022-10-03 04:58:01,2,2,3599.75,1722
2022-10-03 04:58:03,5,5,3599.5,1727
2022-10-03 04:58:04,1,1,3599.75,1728
2022-10-03 04:58:05,4,-2,3600.0,1726
2022-10-03 04:58:10,1,1,3599.75,1727
2022-10-03 04:58:11,4,0,3599.75,1727
2022-10-03 04:58:15,5,-5,3599.75,1722
2022-10-03 04:58:16,23,-10,3599.5,1712
2022-10-03 04:58:17,6,-6,3599.25,1706
2022-10-03 04:58:18,6,-6,3599.25,1700
2022-10-03 04:58:19,4,3,3599.25,1703
2022-10-03 04:58:23,23,-9,3599.0,1694
2022-10-03 04:58:24,7,2,3598.75,1696
2022-10-03 04:58:29,1,-1,3598.5,1695
2022-10-03 04:58:32,9,8,3598.75,1703
2022-10-03 04:58:33,3,3,3599.0,1706
2022-10-03 04:58:36,3,-3,3599.0,1703
2022-10-03 04:58:37,14,-13,3599.0,1690
2022-10-03 04:58:44,8,6,3598.75,1696
2022-10-03 04:58:46,12,6,3599.0,1702
2022-10-03 04:58:49,1,1,3599.25,1703
2022-10-03 04:58:50,2,2,3599.25,1705
2022-10-03 04:58:52,2,2,3599.5,1707
2022-10-03 04:58:53,3,1,3599.5,1708
2022-10-03 04:58:54,1,1,3599.5,1709
2022-10-03 04:58:55,1,1,3599.5,1710
2022-10-03 04:59:00,22,-2,3600.0,1708
2022-10-03 04:59:08,8,-8,3599.25,1700
