Date,Vol,BidAsk,Price,BidAskCum
2022-12-23 00:00:00,11,0,3853.25,0
2022-12-23 00:00:04,2,2,3853.0,2
2022-12-23 00:00:07,10,2,3853.0,4
2022-12-23 00:00:09,1,1,3853.0,5
2022-12-23 00:00:13,2,2,3853.0,7
2022-12-23 00:00:20,25,-10,3852.75,-3
2022-12-23 00:00:21,8,5,3852.75,2
2022-12-23 00:00:28,1,1,3852.75,3
2022-12-23 00:00:32,1,-1,3852.75,2
2022-12-23 00:00:37,2,-2,3852.5,0
2022-12-23 00:00:38,1,-1,3852.5,-1
2022-12-23 00:00:39,15,-8,3852.5,-9
2022-12-23 00:00:46,7,-5,3852.25,-14
2022-12-23 00:00:49,2,2,3852.25,-12
2022-12-23 00:00:53,6,6,3852.5,-6
2022-12-23 00:00:55,7,-7,3852.25,-13
2022-12-23 00:01:00,4,1,3852.5,-12
2022-12-23 00:01:05,7,6,3852.5,-6
2022-12-23 00:01:06,1,-1,3852.5,-7
2022-12-23 00:01:08,20,10,3852.75,3
2022-12-23 00:01:12,13,6,3853.0,9
2022-12-23 00:01:14,3,-1,3853.5,8
2022-12-23 00:01:15,3,1,3853.5,9
2022-12-23 00:01:16,5,-3,3853.25,6
2022-12-23 00:01:18,1,-1,3853.0,5
2022-12-23 00:01:20,1,1,3853.25,6
2022-12-23 00:01:22,4,-4,3853.0,2
2022-12-23 00:01:28,2,0,3853.25,2
2022-12-23 00:01:30,1,-1,3853.0,1
2022-12-23 00:01:33,13,6,3853.25,7
2022-12-23 00:01:36,1,-1,3853.0,6
2022-12-23 00:01:37,2,2,3853.25,8
2022-12-23 00:01:46,3,3,3853.5,11
2022-12-23 00:01:47,2,-2,3853.25,9
2022-12-23 00:01:50,1,1,3853.5,10
2022-12-23 00:01:51,1,1,3853.5,11
2022-12-23 00:01:53,2,0,3853.5,11
2022-12-23 00:01:56,11,-11,3853.25,0
2022-12-23 00:01:57,1,1,3853.25,1
2022-12-23 00:02:01,2,-2,3853.25,-1
2022-12-23 00:02:04,9,-8,3853.0,-9
2022-12-23 00:02:05,1,-1,3852.75,-10
2022-12-23 00:02:23,8,-6,3853.0,-16
2022-12-23 00:02:33,3,3,3853.0,-13
2022-12-23 00:02:39,6,5,3853.25,-8
2022-12-23 00:02:49,16,-8,3853.25,-16
2022-12-23 00:02:50,1,-1,3853.25,-17
2022-12-23 00:02:53,1,-1,3853.25,-18
2022-12-23 00:03:08,7,7,3853.5,-11
2022-12-23 00:03:09,1,-1,3853.5,-12
2022-12-23 00:03:13,2,2,3853.75,-10
2022-12-23 00:03:15,9,5,3853.75,-5
2022-12-23 00:03:16,9,-3,3853.75,-8
2022-12-23 00:03:19,9,-4,3854.0,-12
2022-12-23 00:03:24,5,-3,3853.5,-15
2022-12-23 00:03:26,1,-1,3853.5,-16
2022-12-23 00:03:30,1,1,3853.75,-15
2022-12-23 00:03:38,1,-1,3853.5,-16
2022-12-23 00:03:39,7,3,3853.75,-13
2022-12-23 00:03:45,1,1,3854.0,-12
2022-12-23 00:03:53,5,-5,3853.75,-17
2022-12-23 00:03:55,1,1,3854.0,-16
2022-12-23 00:03:56,17,-6,3853.75,-22
2022-12-23 00:04:03,21,11,3854.25,-11
2022-12-23 00:04:04,3,2,3854.25,-9
2022-12-23 00:04:06,5,5,3854.25,-4
2022-12-23 00:04:14,13,-10,3854.0,-14
2022-12-23 00:04:17,9,-3,3854.0,-17
2022-12-23 00:04:20,1,-1,3853.75,-18
2022-12-23 00:04:29,1,1,3854.0,-17
2022-12-23 00:04:35,3,3,3854.0,-14
2022-12-23 00:04:44,5,-5,3854.0,-19
2022-12-23 00:04:45,2,1,3854.25,-18
2022-12-23 00:04:47,1,1,3854.25,-17
2022-12-23 00:04:50,1,1,3854.25,-16
2022-12-23 00:04:51,1,1,3854.25,-15
2022-12-23 00:04:54,7,4,3854.5,-11
2022-12-23 00:05:01,6,-5,3854.0,-16
2022-12-23 00:05:27,1,-1,3853.75,-17
2022-12-23 00:05:28,3,3,3854.0,-14
2022-12-23 00:05:35,2,2,3854.25,-12
2022-12-23 00:05:48,6,2,3854.25,-10
2022-12-23 00:06:02,1,-1,3854.25,-11
2022-12-23 00:06:27,17,13,3854.5,2
2022-12-23 00:06:30,5,-4,3854.5,-2
2022-12-23 00:06:34,2,-2,3854.25,-4
2022-12-23 00:06:35,3,-3,3854.25,-7
2022-12-23 00:06:38,3,3,3854.25,-4
2022-12-23 00:06:39,2,-2,3854.25,-6
2022-12-23 00:06:42,7,6,3854.25,0
2022-12-23 00:06:43,5,3,3854.5,3
2022-12-23 00:06:49,2,2,3854.5,5
2022-12-23 00:07:00,8,-3,3854.25,2
2022-12-23 00:07:01,1,1,3854.25,3
2022-12-23 00:07:05,1,-1,3854.0,2
2022-12-23 00:07:07,1,1,3854.25,3
2022-12-23 00:07:11,5,4,3854.25,7
2022-12-23 00:07:13,1,1,3854.5,8
2022-12-23 00:07:18,7,-2,3854.25,6
2022-12-23 00:07:27,7,-6,3854.0,0
2022-12-23 00:07:31,8,-7,3853.75,-7
2022-12-23 00:07:33,1,-1,3853.75,-8
2022-12-23 00:07:35,1,-1,3853.75,-9
2022-12-23 00:07:37,1,1,3853.75,-8
2022-12-23 00:07:44,4,-4,3853.5,-12
2022-12-23 00:07:47,4,4,3853.75,-8
2022-12-23 00:07:49,7,6,3853.75,-2
2022-12-23 00:07:51,1,1,3853.75,-1
2022-12-23 00:07:53,1,1,3854.0,0
2022-12-23 00:08:08,3,3,3854.0,3
2022-12-23 00:08:19,4,3,3854.25,6
2022-12-23 00:08:20,3,3,3854.25,9
2022-12-23 00:08:21,4,2,3854.5,11
2022-12-23 00:08:29,1,-1,3854.25,10
2022-12-23 00:08:32,3,-3,3854.0,7
2022-12-23 00:08:34,5,-5,3854.0,2
2022-12-23 00:08:35,3,3,3854.25,5
2022-12-23 00:08:40,4,4,3854.5,9
2022-12-23 00:08:42,1,1,3854.75,10
2022-12-23 00:08:44,29,21,3855.0,31
2022-12-23 00:08:45,2,-2,3855.0,29
2022-12-23 00:08:46,5,4,3855.0,33
2022-12-23 00:08:50,14,12,3855.25,45
2022-12-23 00:08:54,1,-1,3855.0,44
2022-12-23 00:08:58,7,-7,3855.0,37
2022-12-23 00:09:01,1,1,3855.25,38
2022-12-23 00:09:02,4,-4,3855.0,34
2022-12-23 00:09:05,2,0,3855.0,34
2022-12-23 00:09:15,1,1,3855.25,35
2022-12-23 00:09:24,8,8,3855.25,43
2022-12-23 00:09:27,1,1,3855.25,44
2022-12-23 00:09:31,5,5,3855.25,49
2022-12-23 00:09:36,1,-1,3855.25,48
2022-12-23 00:09:39,4,-4,3855.25,44
2022-12-23 00:09:41,1,1,3855.5,45
2022-12-23 00:09:44,1,-1,3855.25,44
2022-12-23 00:09:48,1,1,3855.25,45
2022-12-23 00:09:51,5,-5,3855.25,40
2022-12-23 00:09:52,4,-4,3855.0,36
2022-12-23 00:09:57,12,-8,3854.75,28
2022-12-23 00:09:59,1,-1,3854.75,27
2022-12-23 00:10:04,10,8,3854.75,35
2022-12-23 00:10:13,1,1,3855.0,36
2022-12-23 00:10:16,12,-10,3854.75,26
2022-12-23 00:10:17,4,3,3854.75,29
2022-12-23 00:10:21,4,-4,3854.75,25
2022-12-23 00:10:24,3,3,3854.75,28
2022-12-23 00:10:25,1,-1,3854.75,27
2022-12-23 00:10:30,12,-7,3854.75,20
2022-12-23 00:10:35,1,-1,3854.5,19
2022-12-23 00:10:42,1,-1,3854.5,18
2022-12-23 00:10:44,4,3,3854.5,21
2022-12-23 00:10:45,2,2,3854.75,23
2022-12-23 00:10:48,2,0,3854.75,23
2022-12-23 00:10:59,1,-1,3854.25,22
2022-12-23 00:11:06,1,1,3854.5,23
2022-12-23 00:11:16,7,-7,3854.25,16
2022-12-23 00:11:18,5,-4,3854.0,12
2022-12-23 00:11:24,2,-2,3854.0,10
2022-12-23 00:11:26,15,7,3854.25,17
2022-12-23 00:11:27,1,1,3854.5,18
2022-12-23 00:11:28,1,-1,3854.25,17
2022-12-23 00:11:35,1,1,3854.5,18
2022-12-23 00:11:39,1,1,3854.5,19
2022-12-23 00:11:48,1,-1,3854.5,18
2022-12-23 00:11:57,1,-1,3854.25,17
2022-12-23 00:11:59,16,6,3854.5,23
2022-12-23 00:12:15,2,-2,3854.25,21
2022-12-23 00:12:16,1,1,3854.25,22
2022-12-23 00:12:35,2,0,3854.25,22
2022-12-23 00:12:36,1,-1,3854.0,21
2022-12-23 00:12:41,3,3,3854.25,24
2022-12-23 00:12:42,1,-1,3854.25,23
2022-12-23 00:12:51,1,-1,3854.0,22
2022-12-23 00:12:52,1,-1,3854.0,21
2022-12-23 00:12:58,6,5,3854.25,26
2022-12-23 00:13:18,3,-3,3854.25,23
2022-12-23 00:13:20,1,-1,3854.0,22
2022-12-23 00:13:29,3,-3,3854.0,19
2022-12-23 00:13:30,4,-4,3853.75,15
2022-12-23 00:13:32,1,-1,3853.75,14
2022-12-23 00:13:33,1,-1,3853.75,13
2022-12-23 00:13:38,1,-1,3853.75,12
2022-12-23 00:13:43,11,6,3853.75,18
2022-12-23 00:13:44,4,2,3853.75,20
2022-12-23 00:13:55,10,-10,3853.5,10
2022-12-23 00:13:57,4,-3,3853.25,7
2022-12-23 00:13:59,11,-6,3853.25,1
2022-12-23 00:14:00,4,-2,3853.5,-1
2022-12-23 00:14:06,2,-2,3853.25,-3
2022-12-23 00:14:16,1,-1,3853.25,-4
2022-12-23 00:14:27,1,-1,3853.25,-5
2022-12-23 00:14:37,3,-2,3853.25,-7
2022-12-23 00:14:38,9,7,3853.25,0
2022-12-23 00:14:44,16,-10,3853.0,-10
2022-12-23 00:14:51,11,2,3853.0,-8
2022-12-23 00:14:52,3,2,3853.0,-6
2022-12-23 00:14:55,2,0,3853.0,-6
2022-12-23 00:14:57,2,0,3853.25,-6
2022-12-23 00:15:01,4,4,3853.0,-2
2022-12-23 00:15:03,1,-1,3853.0,-3
2022-12-23 00:15:05,7,7,3853.25,4
2022-12-23 00:15:06,1,-1,3853.0,3
2022-12-23 00:15:10,1,-1,3853.0,2
2022-12-23 00:15:19,3,-1,3853.25,1
2022-12-23 00:15:23,1,1,3853.25,2
2022-12-23 00:15:27,8,8,3853.75,10
2022-12-23 00:15:28,1,-1,3853.5,9
2022-12-23 00:15:47,1,1,3853.5,10
2022-12-23 00:16:10,1,1,3853.5,11
2022-12-23 00:16:16,6,-1,3853.75,10
2022-12-23 00:16:17,1,-1,3853.75,9
2022-12-23 00:16:48,3,3,3853.75,12
2022-12-23 00:16:55,9,6,3854.0,18
2022-12-23 00:16:58,1,1,3854.25,19
2022-12-23 00:16:59,2,2,3854.25,21
2022-12-23 00:17:06,1,-1,3854.25,20
2022-12-23 00:17:12,6,5,3854.5,25
2022-12-23 00:17:13,1,-1,3854.25,24
2022-12-23 00:17:15,1,1,3854.5,25
2022-12-23 00:17:17,1,1,3854.5,26
2022-12-23 00:17:28,1,-1,3854.25,25
2022-12-23 00:17:31,1,-1,3854.25,24
2022-12-23 00:17:39,1,-1,3854.25,23
2022-12-23 00:17:44,1,-1,3854.25,22
2022-12-23 00:18:21,7,5,3854.5,27
2022-12-23 00:18:44,7,-7,3854.5,20
2022-12-23 00:18:48,7,1,3854.25,21
2022-12-23 00:18:49,2,2,3854.25,23
2022-12-23 00:18:54,4,2,3854.25,25
2022-12-23 00:19:00,1,-1,3854.25,24
2022-12-23 00:19:24,10,9,3854.5,33
2022-12-23 00:19:27,1,-1,3854.5,32
2022-12-23 00:19:35,1,1,3854.5,33
2022-12-23 00:19:53,3,-3,3854.5,30
2022-12-23 00:19:57,1,-1,3854.25,29
2022-12-23 00:19:58,1,-1,3854.25,28
2022-12-23 00:19:59,5,-5,3854.25,23
2022-12-23 00:20:12,1,-1,3854.0,22
2022-12-23 00:20:14,1,-1,3854.0,21
2022-12-23 00:20:16,5,-5,3854.0,16
2022-12-23 00:20:17,4,-4,3854.0,12
2022-12-23 00:20:27,1,1,3854.0,13
2022-12-23 00:20:34,1,1,3854.25,14
2022-12-23 00:20:42,2,2,3854.25,16
2022-12-23 00:20:44,4,4,3854.25,20
2022-12-23 00:20:49,5,5,3854.25,25
2022-12-23 00:20:50,1,1,3854.5,26
2022-12-23 00:21:00,1,1,3854.5,27
2022-12-23 00:21:05,1,-1,3854.25,26
2022-12-23 00:21:10,1,1,3854.25,27
2022-12-23 00:21:18,1,-1,3854.25,26
2022-12-23 00:21:26,1,-1,3854.0,25
2022-12-23 00:21:27,1,-1,3854.0,24
2022-12-23 00:21:51,1,-1,3854.0,23
2022-12-23 00:21:54,1,-1,3854.0,22
2022-12-23 00:22:09,1,-1,3854.0,21
2022-12-23 00:22:26,6,5,3854.25,26
2022-12-23 00:22:33,4,4,3854.5,30
2022-12-23 00:22:39,4,-4,3854.5,26
2022-12-23 00:22:40,4,3,3854.5,29
2022-12-23 00:22:53,2,2,3854.75,31
2022-12-23 00:22:57,4,4,3854.75,35
2022-12-23 00:22:58,5,2,3855.0,37
2022-12-23 00:23:01,28,7,3855.0,44
2022-12-23 00:23:05,1,-1,3854.75,43
2022-12-23 00:23:09,1,1,3855.0,44
2022-12-23 00:23:13,1,1,3855.0,45
2022-12-23 00:23:15,1,1,3855.0,46
2022-12-23 00:23:16,2,0,3855.0,46
2022-12-23 00:23:22,10,-4,3855.0,42
2022-12-23 00:23:34,9,-6,3854.75,36
2022-12-23 00:23:36,4,-3,3854.5,33
2022-12-23 00:23:52,1,1,3854.75,34
2022-12-23 00:23:55,1,1,3854.75,35
2022-12-23 00:24:12,2,-2,3854.5,33
2022-12-23 00:24:15,3,-3,3854.5,30
2022-12-23 00:24:28,1,1,3854.5,31
2022-12-23 00:24:54,6,4,3854.5,35
2022-12-23 00:24:55,1,-1,3854.5,34
2022-12-23 00:25:09,4,1,3854.75,35
2022-12-23 00:25:23,4,4,3855.0,39
2022-12-23 00:25:41,6,2,3855.0,41
2022-12-23 00:25:50,7,-2,3855.0,39
2022-12-23 00:25:51,1,1,3855.0,40
2022-12-23 00:25:52,1,1,3855.0,41
2022-12-23 00:26:01,1,1,3855.0,42
2022-12-23 00:26:02,1,1,3855.0,43
2022-12-23 00:26:19,1,1,3855.0,44
2022-12-23 00:26:27,5,-5,3854.75,39
2022-12-23 00:27:03,1,-1,3854.75,38
2022-12-23 00:27:06,1,1,3854.75,39
2022-12-23 00:27:11,5,7,3855.0,46
2022-12-23 00:27:13,1,1,3855.0,47
2022-12-23 00:27:17,4,-4,3854.75,43
2022-12-23 00:27:23,1,1,3854.75,44
2022-12-23 00:27:30,5,5,3854.75,49
2022-12-23 00:27:50,5,5,3855.0,54
2022-12-23 00:28:00,17,11,3855.25,65
2022-12-23 00:28:02,8,7,3855.5,72
2022-12-23 00:28:05,1,1,3855.5,73
2022-12-23 00:28:11,6,-4,3855.25,69
2022-12-23 00:28:12,5,3,3855.25,72
2022-12-23 00:28:14,1,-1,3855.0,71
2022-12-23 00:28:36,7,-1,3855.25,70
2022-12-23 00:28:39,4,0,3855.25,70
2022-12-23 00:28:52,1,-1,3855.25,69
2022-12-23 00:29:02,6,4,3855.25,73
2022-12-23 00:29:04,3,-2,3855.25,71
2022-12-23 00:29:18,1,1,3855.25,72
2022-12-23 00:29:19,2,1,3855.25,73
2022-12-23 00:29:21,1,-1,3855.25,72
2022-12-23 00:29:29,2,2,3855.5,74
2022-12-23 00:29:34,1,1,3855.5,75
2022-12-23 00:29:41,18,15,3855.5,90
2022-12-23 00:29:42,17,26,3856.0,116
2022-12-23 00:29:44,1,1,3856.0,117
2022-12-23 00:29:46,5,2,3856.0,119
2022-12-23 00:29:47,1,1,3856.0,120
2022-12-23 00:29:48,1,1,3856.0,121
2022-12-23 00:29:49,1,1,3856.0,122
2022-12-23 00:29:50,1,1,3856.0,123
2022-12-23 00:29:53,2,2,3856.0,125
2022-12-23 00:29:56,1,1,3856.0,126
2022-12-23 00:29:59,47,36,3856.5,162
2022-12-23 00:30:00,16,-2,3856.0,160
2022-12-23 00:30:02,4,-1,3856.0,159
2022-12-23 00:30:03,5,-4,3856.0,155
2022-12-23 00:30:08,3,-3,3856.0,152
2022-12-23 00:30:09,4,-1,3856.25,151
2022-12-23 00:30:10,6,0,3856.0,151
2022-12-23 00:30:11,9,-6,3855.75,145
2022-12-23 00:30:14,1,1,3855.75,146
2022-12-23 00:30:16,1,-1,3855.75,145
2022-12-23 00:30:17,1,-1,3855.75,144
2022-12-23 00:30:20,2,2,3856.0,146
2022-12-23 00:30:24,2,0,3855.75,146
2022-12-23 00:30:29,2,-2,3855.75,144
2022-12-23 00:30:32,1,1,3855.75,145
2022-12-23 00:30:53,14,6,3855.75,151
2022-12-23 00:31:05,1,-1,3855.75,150
2022-12-23 00:31:10,1,1,3855.75,151
2022-12-23 00:31:11,1,1,3856.0,152
2022-12-23 00:31:25,12,-4,3855.5,148
2022-12-23 00:31:27,1,-1,3855.5,147
2022-12-23 00:31:29,19,14,3855.75,161
2022-12-23 00:31:42,4,-3,3855.5,158
2022-12-23 00:31:44,1,1,3855.75,159
2022-12-23 00:32:01,2,2,3855.75,161
2022-12-23 00:32:02,1,1,3855.75,162
2022-12-23 00:32:11,4,-3,3855.75,159
2022-12-23 00:32:12,11,-4,3855.75,155
2022-12-23 00:32:19,1,-1,3855.75,154
2022-12-23 00:32:26,2,-2,3855.5,152
2022-12-23 00:32:28,56,-43,3855.5,109
2022-12-23 00:32:29,21,-7,3854.5,102
2022-12-23 00:32:30,8,1,3854.25,103
2022-12-23 00:32:31,9,7,3854.5,110
2022-12-23 00:32:34,2,1,3854.75,111
2022-12-23 00:32:35,7,0,3854.5,111
2022-12-23 00:32:36,1,1,3854.5,112
2022-12-23 00:32:37,10,-7,3854.25,105
2022-12-23 00:32:38,5,0,3854.5,105
2022-12-23 00:32:41,2,-2,3854.25,103
2022-12-23 00:32:43,4,-4,3854.0,99
2022-12-23 00:32:44,2,-2,3854.0,97
2022-12-23 00:32:46,1,1,3854.0,98
2022-12-23 00:32:48,2,2,3854.0,100
2022-12-23 00:32:49,9,3,3854.0,103
2022-12-23 00:32:50,2,-2,3854.0,101
2022-12-23 00:32:53,8,-5,3854.0,96
2022-12-23 00:32:56,7,-5,3854.0,91
2022-12-23 00:32:58,1,1,3854.25,92
2022-12-23 00:33:02,3,3,3854.0,95
2022-12-23 00:33:09,2,-2,3853.75,93
2022-12-23 00:33:17,15,2,3853.75,95
2022-12-23 00:33:19,7,-6,3853.5,89
2022-12-23 00:33:24,1,1,3853.5,90
2022-12-23 00:33:31,3,-1,3853.5,89
2022-12-23 00:33:33,1,1,3853.5,90
2022-12-23 00:33:35,6,2,3853.5,92
2022-12-23 00:33:37,1,-1,3853.25,91
2022-12-23 00:33:38,6,-2,3853.5,89
2022-12-23 00:33:44,3,-2,3853.5,87
2022-12-23 00:33:49,1,1,3853.75,88
2022-12-23 00:33:50,9,6,3853.75,94
2022-12-23 00:33:51,6,-5,3853.5,89
2022-12-23 00:34:00,4,3,3853.5,92
2022-12-23 00:34:02,1,1,3853.75,93
2022-12-23 00:34:08,1,1,3854.0,94
2022-12-23 00:34:10,1,-1,3853.5,93
2022-12-23 00:34:32,6,2,3854.0,95
2022-12-23 00:34:34,12,9,3854.25,104
2022-12-23 00:34:46,7,-3,3854.25,101
2022-12-23 00:34:55,7,-4,3853.75,97
2022-12-23 00:34:59,1,1,3853.75,98
2022-12-23 00:35:02,1,1,3853.75,99
2022-12-23 00:35:05,1,1,3854.0,100
2022-12-23 00:35:08,2,-2,3854.0,98
2022-12-23 00:35:11,6,-5,3853.75,93
2022-12-23 00:35:12,13,2,3853.75,95
2022-12-23 00:35:21,3,-3,3853.5,92
2022-12-23 00:35:23,2,2,3853.5,94
2022-12-23 00:35:25,1,1,3853.5,95
2022-12-23 00:35:28,2,-2,3853.25,93
2022-12-23 00:35:33,3,1,3853.5,94
2022-12-23 00:35:36,6,5,3853.5,99
2022-12-23 00:35:40,23,-9,3853.25,90
2022-12-23 00:35:43,1,-1,3853.25,89
2022-12-23 00:35:45,18,-11,3853.0,78
2022-12-23 00:35:46,6,-6,3852.75,72
2022-12-23 00:35:47,27,-14,3852.5,58
2022-12-23 00:35:48,4,-4,3852.25,54
2022-12-23 00:35:49,2,2,3852.5,56
2022-12-23 00:35:52,12,6,3853.0,62
2022-12-23 00:35:53,1,-1,3852.75,61
2022-12-23 00:35:54,6,5,3853.0,66
2022-12-23 00:35:56,2,-2,3853.0,64
2022-12-23 00:36:00,1,-1,3852.75,63
2022-12-23 00:36:03,1,1,3853.0,64
2022-12-23 00:36:04,7,7,3853.25,71
2022-12-23 00:36:05,1,-1,3853.25,70
2022-12-23 00:36:06,2,2,3853.5,72
2022-12-23 00:36:16,15,-4,3853.25,68
2022-12-23 00:36:20,1,1,3853.25,69
2022-12-23 00:36:21,2,-2,3853.0,67
2022-12-23 00:36:23,1,1,3853.25,68
2022-12-23 00:36:24,3,3,3853.25,71
2022-12-23 00:36:25,5,-5,3853.25,66
2022-12-23 00:36:36,1,1,3853.5,67
2022-12-23 00:36:58,4,4,3853.5,71
2022-12-23 00:37:05,6,5,3853.5,76
2022-12-23 00:37:13,5,5,3853.75,81
2022-12-23 00:37:14,8,1,3854.0,82
2022-12-23 00:37:15,1,-1,3854.0,81
2022-12-23 00:37:20,4,2,3854.0,83
2022-12-23 00:37:24,2,-2,3853.75,81
2022-12-23 00:37:35,1,1,3854.0,82
2022-12-23 00:37:38,3,-1,3854.0,81
2022-12-23 00:38:01,5,-1,3853.75,80
2022-12-23 00:38:03,4,-4,3853.75,76
2022-12-23 00:38:06,2,2,3853.75,78
2022-12-23 00:38:31,2,-2,3853.75,76
2022-12-23 00:38:45,3,-1,3853.75,75
2022-12-23 00:38:49,3,0,3853.75,75
2022-12-23 00:38:51,2,-2,3853.75,73
2022-12-23 00:39:07,1,-1,3853.5,72
2022-12-23 00:39:09,3,-3,3853.5,69
2022-12-23 00:39:10,4,4,3853.5,73
2022-12-23 00:39:22,11,7,3853.75,80
2022-12-23 00:39:23,5,-3,3853.75,77
2022-12-23 00:39:25,1,1,3853.75,78
2022-12-23 00:39:31,1,-1,3853.75,77
2022-12-23 00:39:35,1,1,3853.75,78
2022-12-23 00:39:47,1,1,3853.75,79
2022-12-23 00:39:52,2,1,3853.75,80
2022-12-23 00:39:53,1,1,3853.75,81
2022-12-23 00:40:08,2,1,3853.75,82
2022-12-23 00:40:39,26,-6,3853.5,76
2022-12-23 00:40:43,8,6,3853.75,82
2022-12-23 00:40:44,2,-2,3853.75,80
2022-12-23 00:40:52,1,-1,3853.75,79
2022-12-23 00:40:54,1,-1,3853.75,78
2022-12-23 00:40:58,1,1,3854.0,79
2022-12-23 00:41:12,3,-3,3853.75,76
2022-12-23 00:41:37,2,0,3853.75,76
2022-12-23 00:41:54,1,1,3853.75,77
2022-12-23 00:42:03,5,3,3853.75,80
2022-12-23 00:42:25,1,1,3854.0,81
2022-12-23 00:42:27,1,-1,3853.75,80
2022-12-23 00:42:30,7,1,3853.75,81
2022-12-23 00:42:31,4,-4,3853.75,77
2022-12-23 00:42:39,6,5,3853.75,82
2022-12-23 00:42:45,15,11,3854.0,93
2022-12-23 00:42:50,24,2,3854.5,95
2022-12-23 00:42:57,1,-1,3854.0,94
2022-12-23 00:43:00,3,3,3854.5,97
2022-12-23 00:43:02,10,5,3854.5,102
2022-12-23 00:43:09,5,5,3854.5,107
2022-12-23 00:43:19,1,1,3854.5,108
2022-12-23 00:43:25,6,2,3854.5,110
2022-12-23 00:43:38,2,2,3854.5,112
2022-12-23 00:43:39,1,1,3854.5,113
2022-12-23 00:43:43,1,-1,3854.5,112
2022-12-23 00:43:45,8,-1,3854.5,111
2022-12-23 00:43:55,25,23,3854.75,134
2022-12-23 00:43:58,10,12,3855.25,146
2022-12-23 00:44:02,1,1,3855.25,147
2022-12-23 00:44:06,1,-1,3855.0,146
2022-12-23 00:44:10,1,-1,3855.0,145
2022-12-23 00:44:13,1,1,3855.25,146
2022-12-23 00:44:17,1,-1,3855.0,145
2022-12-23 00:44:21,7,4,3855.25,149
2022-12-23 00:44:24,1,1,3855.25,150
2022-12-23 00:44:29,1,-1,3855.0,149
2022-12-23 00:44:40,32,-17,3855.0,132
2022-12-23 00:44:43,2,1,3855.25,133
2022-12-23 00:44:45,1,1,3855.25,134
2022-12-23 00:44:46,13,1,3855.25,135
2022-12-23 00:44:56,11,11,3855.75,146
2022-12-23 00:44:57,1,-1,3855.5,145
2022-12-23 00:45:00,1,1,3855.5,146
2022-12-23 00:45:04,1,1,3855.5,147
2022-12-23 00:45:05,1,-1,3855.5,146
2022-12-23 00:45:15,2,2,3855.75,148
2022-12-23 00:45:20,5,-1,3855.5,147
2022-12-23 00:45:23,1,-1,3855.5,146
2022-12-23 00:45:25,4,-1,3855.5,145
2022-12-23 00:45:29,6,-4,3855.25,141
2022-12-23 00:45:31,1,-1,3855.25,140
2022-12-23 00:45:38,1,-1,3855.25,139
2022-12-23 00:45:42,1,-1,3855.25,138
2022-12-23 00:45:46,1,1,3855.5,139
2022-12-23 00:45:50,1,-1,3855.25,138
2022-12-23 00:45:51,1,-1,3855.25,137
2022-12-23 00:45:52,10,-8,3855.25,129
2022-12-23 00:45:57,11,-12,3855.0,117
2022-12-23 00:46:08,6,-6,3854.5,111
2022-12-23 00:46:16,1,1,3854.5,112
2022-12-23 00:46:21,3,3,3854.5,115
2022-12-23 00:46:28,9,-8,3854.25,107
2022-12-23 00:46:35,12,2,3854.25,109
2022-12-23 00:46:41,4,-4,3854.25,105
2022-12-23 00:46:42,2,2,3854.25,107
2022-12-23 00:46:45,2,2,3854.25,109
2022-12-23 00:46:55,1,-1,3854.25,108
2022-12-23 00:47:01,1,-1,3854.25,107
2022-12-23 00:47:16,4,2,3854.5,109
2022-12-23 00:47:32,1,1,3854.75,110
2022-12-23 00:47:41,13,4,3854.5,114
2022-12-23 00:47:45,5,5,3854.75,119
2022-12-23 00:47:51,2,-2,3854.5,117
2022-12-23 00:47:55,1,-1,3854.5,116
2022-12-23 00:47:57,2,2,3854.5,118
2022-12-23 00:48:04,11,-11,3854.5,107
2022-12-23 00:48:08,1,1,3854.5,108
2022-12-23 00:48:16,1,-1,3854.25,107
2022-12-23 00:48:21,6,-5,3854.25,102
2022-12-23 00:48:25,9,-12,3854.0,90
2022-12-23 00:48:29,1,1,3853.75,91
2022-12-23 00:48:36,9,4,3854.0,95
2022-12-23 00:48:39,1,1,3854.0,96
2022-12-23 00:48:41,3,1,3854.0,97
2022-12-23 00:48:50,4,-4,3853.75,93
2022-12-23 00:49:08,1,1,3853.75,94
2022-12-23 00:49:17,6,6,3853.75,100
2022-12-23 00:49:18,6,-6,3853.5,94
2022-12-23 00:49:19,2,-2,3853.25,92
2022-12-23 00:49:20,3,-3,3853.25,89
2022-12-23 00:49:32,2,2,3853.5,91
2022-12-23 00:49:41,5,3,3853.25,94
2022-12-23 00:49:44,1,-1,3853.0,93
2022-12-23 00:49:59,17,3,3853.25,96
2022-12-23 00:50:02,6,5,3853.5,101
2022-12-23 00:50:11,1,-1,3853.5,100
2022-12-23 00:50:18,4,-4,3853.5,96
2022-12-23 00:50:31,3,-2,3853.5,94
2022-12-23 00:50:33,1,1,3853.75,95
2022-12-23 00:50:35,1,-1,3853.75,94
2022-12-23 00:50:45,1,-1,3853.75,93
2022-12-23 00:50:52,8,4,3854.0,97
2022-12-23 00:51:03,12,-9,3853.75,88
2022-12-23 00:51:06,11,-10,3853.5,78
2022-12-23 00:51:09,23,-19,3853.5,59
2022-12-23 00:51:12,2,0,3853.5,59
2022-12-23 00:51:19,1,1,3853.5,60
2022-12-23 00:51:20,14,-13,3853.25,47
2022-12-23 00:51:22,8,-6,3853.0,41
2022-12-23 00:51:25,26,-14,3852.75,27
2022-12-23 00:51:26,1,-1,3852.5,26
2022-12-23 00:51:27,5,5,3852.75,31
2022-12-23 00:51:30,5,-5,3852.75,26
2022-12-23 00:51:31,7,-3,3852.75,23
2022-12-23 00:51:32,2,2,3853.0,25
2022-12-23 00:51:35,1,-1,3852.75,24
2022-12-23 00:51:36,5,-4,3852.5,20
2022-12-23 00:51:40,5,-3,3852.5,17
2022-12-23 00:51:41,1,-1,3852.5,16
2022-12-23 00:51:43,9,-7,3852.5,9
2022-12-23 00:51:49,13,2,3852.5,11
2022-12-23 00:51:50,2,1,3852.75,12
2022-12-23 00:51:51,9,-6,3852.5,6
2022-12-23 00:51:58,5,2,3852.5,8
2022-12-23 00:51:59,1,-1,3852.25,7
2022-12-23 00:52:00,20,11,3852.5,18
2022-12-23 00:52:02,2,-2,3852.5,16
2022-12-23 00:52:07,10,1,3852.75,17
2022-12-23 00:52:09,1,-1,3852.5,16
2022-12-23 00:52:17,1,1,3852.75,17
2022-12-23 00:52:19,4,-3,3852.5,14
2022-12-23 00:52:33,1,1,3852.75,15
2022-12-23 00:52:36,5,2,3852.75,17
2022-12-23 00:52:37,3,3,3853.0,20
2022-12-23 00:52:41,1,1,3853.0,21
2022-12-23 00:52:43,2,1,3853.0,22
2022-12-23 00:52:45,7,-7,3852.75,15
2022-12-23 00:52:46,4,4,3852.75,19
2022-12-23 00:52:47,1,1,3852.75,20
2022-12-23 00:53:02,1,1,3852.75,21
2022-12-23 00:53:12,8,4,3853.0,25
2022-12-23 00:53:16,11,-6,3853.0,19
2022-12-23 00:53:17,6,6,3853.25,25
2022-12-23 00:53:18,4,2,3853.0,27
2022-12-23 00:53:19,2,-1,3853.0,26
2022-12-23 00:53:21,1,-1,3852.75,25
2022-12-23 00:53:37,11,-5,3852.75,20
2022-12-23 00:53:45,2,2,3852.75,22
2022-12-23 00:53:47,2,0,3852.75,22
2022-12-23 00:53:48,2,-1,3852.75,21
2022-12-23 00:53:52,1,-1,3852.75,20
2022-12-23 00:54:01,17,-8,3852.5,12
2022-12-23 00:54:05,1,1,3852.5,13
2022-12-23 00:54:06,3,1,3852.5,14
2022-12-23 00:54:08,2,-2,3852.25,12
2022-12-23 00:54:09,31,-17,3852.25,-5
2022-12-23 00:54:11,8,1,3852.5,-4
2022-12-23 00:54:12,5,-5,3852.25,-9
2022-12-23 00:54:18,1,-1,3852.25,-10
2022-12-23 00:54:20,1,1,3852.5,-9
2022-12-23 00:54:22,7,-7,3852.25,-16
2022-12-23 00:54:24,2,2,3852.25,-14
2022-12-23 00:54:25,1,1,3852.25,-13
2022-12-23 00:54:27,1,1,3852.25,-12
2022-12-23 00:54:29,1,1,3852.5,-11
2022-12-23 00:54:35,4,-3,3852.25,-14
2022-12-23 00:54:36,1,1,3852.25,-13
2022-12-23 00:54:44,3,3,3852.25,-10
2022-12-23 00:54:46,1,-1,3852.25,-11
2022-12-23 00:54:48,2,-2,3852.25,-13
2022-12-23 00:54:49,2,2,3852.25,-11
2022-12-23 00:54:59,18,-11,3852.0,-22
2022-12-23 00:55:01,4,-4,3851.75,-26
2022-12-23 00:55:02,7,5,3852.0,-21
2022-12-23 00:55:04,1,-1,3852.0,-22
2022-12-23 00:55:05,4,-2,3852.25,-24
2022-12-23 00:55:08,26,-5,3852.5,-29
2022-12-23 00:55:10,6,5,3852.5,-24
2022-12-23 00:55:17,1,1,3852.5,-23
2022-12-23 00:55:20,1,1,3852.5,-22
2022-12-23 00:55:24,1,1,3852.5,-21
2022-12-23 00:55:28,1,-1,3852.25,-22
2022-12-23 00:55:30,6,-1,3852.0,-23
2022-12-23 00:55:33,11,-9,3852.25,-32
2022-12-23 00:55:42,11,7,3852.0,-25
2022-12-23 00:55:43,6,5,3852.0,-20
2022-12-23 00:55:46,6,5,3852.25,-15
2022-12-23 00:55:47,3,3,3852.0,-12
2022-12-23 00:55:49,2,-2,3852.0,-14
2022-12-23 00:55:50,1,1,3852.0,-13
2022-12-23 00:55:56,3,-3,3852.0,-16
2022-12-23 00:56:05,1,-1,3852.0,-17
2022-12-23 00:56:09,2,-2,3852.0,-19
2022-12-23 00:56:10,3,3,3852.0,-16
2022-12-23 00:56:11,1,1,3852.25,-15
2022-12-23 00:56:17,4,4,3852.25,-11
2022-12-23 00:56:26,4,4,3852.5,-7
2022-12-23 00:56:30,4,-3,3852.25,-10
2022-12-23 00:56:53,1,1,3852.5,-9
2022-12-23 00:57:01,5,4,3852.5,-5
2022-12-23 00:57:02,2,-2,3852.5,-7
2022-12-23 00:57:06,2,1,3852.5,-6
2022-12-23 00:57:09,1,1,3852.5,-5
2022-12-23 00:57:10,2,-2,3852.25,-7
2022-12-23 00:57:11,1,-1,3852.25,-8
2022-12-23 00:57:13,3,2,3852.5,-6
2022-12-23 00:57:14,2,2,3852.5,-4
2022-12-23 00:57:20,7,-2,3852.25,-6
2022-12-23 00:57:22,3,-3,3852.25,-9
2022-12-23 00:57:33,9,6,3852.5,-3
2022-12-23 00:57:36,1,1,3852.5,-2
2022-12-23 00:57:37,4,4,3852.5,2
2022-12-23 00:57:39,1,-1,3852.5,1
2022-12-23 00:57:50,5,-4,3852.5,-3
2022-12-23 00:58:07,2,-1,3852.25,-4
2022-12-23 00:58:13,16,-5,3852.25,-9
2022-12-23 00:58:19,5,3,3852.25,-6
2022-12-23 00:58:24,7,-4,3852.25,-10
2022-12-23 00:58:33,1,1,3852.25,-9
2022-12-23 00:58:39,1,-1,3852.0,-10
2022-12-23 00:58:40,1,1,3852.25,-9
2022-12-23 00:58:50,3,3,3852.25,-6
2022-12-23 00:59:01,15,10,3852.5,4
2022-12-23 00:59:03,5,-4,3852.5,0
2022-12-23 00:59:06,16,-6,3852.25,-6
2022-12-23 00:59:14,11,-9,3852.0,-15
2022-12-23 00:59:22,1,1,3852.0,-14
2022-12-23 00:59:31,5,1,3852.0,-13
2022-12-23 00:59:35,1,1,3852.0,-12
2022-12-23 00:59:42,1,1,3852.25,-11
2022-12-23 00:59:44,4,-3,3852.0,-14
2022-12-23 00:59:47,1,-1,3852.0,-15
2022-12-23 00:59:54,2,-2,3852.0,-17
2022-12-23 00:59:57,2,0,3852.0,-17
2022-12-23 00:59:58,9,6,3852.0,-11
2022-12-23 01:00:00,10,-9,3852.25,-20
2022-12-23 01:00:03,3,3,3852.0,-17
2022-12-23 01:00:07,1,1,3852.0,-16
2022-12-23 01:00:14,9,-6,3851.75,-22
2022-12-23 01:00:16,6,-6,3851.5,-28
2022-12-23 01:00:17,3,3,3851.75,-25
2022-12-23 01:00:20,1,-1,3851.75,-26
2022-12-23 01:00:21,2,-2,3851.75,-28
2022-12-23 01:00:25,1,-1,3851.75,-29
2022-12-23 01:00:26,1,1,3852.0,-28
2022-12-23 01:00:27,15,11,3852.0,-17
2022-12-23 01:00:30,1,1,3852.25,-16
2022-12-23 01:00:35,3,3,3852.25,-13
2022-12-23 01:00:37,7,7,3852.25,-6
2022-12-23 01:00:38,20,22,3852.5,16
2022-12-23 01:00:39,1,-1,3852.25,15
2022-12-23 01:00:41,18,-10,3852.25,5
2022-12-23 01:00:51,8,4,3852.0,9
2022-12-23 01:00:54,3,-3,3851.75,6
2022-12-23 01:01:01,20,-10,3851.5,-4
2022-12-23 01:01:03,6,3,3851.75,-1
2022-12-23 01:01:05,3,3,3852.0,2
2022-12-23 01:01:06,1,-1,3851.75,1
2022-12-23 01:01:12,7,4,3852.0,5
2022-12-23 01:01:20,12,11,3852.25,16
2022-12-23 01:01:22,3,3,3852.5,19
2022-12-23 01:01:24,1,1,3852.5,20
2022-12-23 01:01:26,11,2,3852.5,22
2022-12-23 01:01:28,13,5,3852.75,27
2022-12-23 01:01:30,3,-3,3852.25,24
2022-12-23 01:01:31,2,-2,3852.25,22
2022-12-23 01:01:38,4,4,3852.25,26
2022-12-23 01:01:40,1,-1,3852.0,25
2022-12-23 01:01:44,10,-8,3852.0,17
2022-12-23 01:01:45,5,-1,3852.0,16
2022-12-23 01:01:48,1,1,3852.0,17
2022-12-23 01:01:56,18,-2,3851.75,15
2022-12-23 01:02:00,2,-2,3851.75,13
2022-12-23 01:02:02,1,1,3851.75,14
2022-12-23 01:02:04,1,-1,3851.5,13
2022-12-23 01:02:13,1,1,3851.75,14
2022-12-23 01:02:14,5,-5,3851.5,9
2022-12-23 01:02:15,1,1,3851.5,10
2022-12-23 01:02:25,7,-7,3851.25,3
2022-12-23 01:02:26,1,-1,3851.25,2
2022-12-23 01:02:34,30,-4,3851.25,-2
2022-12-23 01:02:35,1,-1,3851.25,-3
2022-12-23 01:02:36,1,-1,3851.25,-4
2022-12-23 01:02:40,16,-13,3851.0,-17
2022-12-23 01:02:42,1,1,3851.25,-16
2022-12-23 01:02:44,5,-3,3851.0,-19
2022-12-23 01:02:45,63,-23,3851.0,-42
2022-12-23 01:02:46,16,-11,3851.0,-53
2022-12-23 01:02:51,10,7,3851.25,-46
2022-12-23 01:02:52,1,-1,3851.25,-47
2022-12-23 01:02:55,4,-4,3851.25,-51
2022-12-23 01:02:58,1,1,3851.25,-50
2022-12-23 01:03:04,1,-1,3851.25,-51
2022-12-23 01:03:07,2,2,3851.25,-49
2022-12-23 01:03:09,4,4,3851.5,-45
2022-12-23 01:03:10,5,0,3851.5,-45
2022-12-23 01:03:11,11,9,3851.75,-36
2022-12-23 01:03:16,12,10,3851.75,-26
2022-12-23 01:03:28,6,-4,3851.5,-30
2022-12-23 01:03:37,1,-1,3851.5,-31
2022-12-23 01:03:39,2,2,3851.5,-29
2022-12-23 01:03:42,2,0,3851.5,-29
2022-12-23 01:03:46,3,-3,3851.5,-32
2022-12-23 01:03:54,7,-6,3851.5,-38
2022-12-23 01:03:57,20,0,3851.75,-38
2022-12-23 01:04:03,4,4,3851.75,-34
2022-12-23 01:04:09,7,-3,3851.75,-37
2022-12-23 01:04:10,1,1,3851.5,-36
2022-12-23 01:04:11,10,9,3851.75,-27
2022-12-23 01:04:22,17,0,3851.5,-27
2022-12-23 01:04:23,5,-4,3851.5,-31
2022-12-23 01:04:24,10,-8,3851.25,-39
2022-12-23 01:04:25,2,-2,3851.25,-41
2022-12-23 01:04:27,1,1,3851.5,-40
2022-12-23 01:04:28,3,-2,3851.25,-42
2022-12-23 01:04:31,21,-7,3851.0,-49
2022-12-23 01:04:32,3,-3,3850.75,-52
2022-12-23 01:04:37,2,2,3851.0,-50
2022-12-23 01:04:38,1,1,3851.0,-49
2022-12-23 01:04:45,1,-1,3850.75,-50
2022-12-23 01:04:47,9,9,3851.0,-41
2022-12-23 01:04:48,1,-1,3850.75,-42
2022-12-23 01:04:52,7,-6,3850.75,-48
2022-12-23 01:04:53,1,-1,3850.75,-49
2022-12-23 01:04:54,4,-1,3850.75,-50
2022-12-23 01:04:58,1,-1,3850.75,-51
2022-12-23 01:04:59,2,2,3850.75,-49
2022-12-23 01:05:01,10,6,3851.25,-43
2022-12-23 01:05:07,12,8,3851.25,-35
2022-12-23 01:05:13,1,1,3851.25,-34
2022-12-23 01:05:14,2,0,3851.25,-34
2022-12-23 01:05:20,17,-12,3851.25,-46
2022-12-23 01:05:23,3,-3,3851.0,-49
2022-12-23 01:05:24,1,-1,3851.0,-50
2022-12-23 01:05:26,1,1,3851.0,-49
2022-12-23 01:05:34,7,3,3851.0,-46
2022-12-23 01:05:40,10,10,3851.0,-36
2022-12-23 01:05:46,5,5,3851.25,-31
2022-12-23 01:05:48,1,1,3851.5,-30
2022-12-23 01:05:51,17,10,3851.75,-20
2022-12-23 01:05:53,2,-2,3851.75,-22
2022-12-23 01:06:07,1,-1,3851.75,-23
2022-12-23 01:06:23,11,5,3852.0,-18
2022-12-23 01:06:29,3,1,3852.0,-17
2022-12-23 01:06:31,3,0,3852.0,-17
2022-12-23 01:06:33,2,2,3852.0,-15
2022-12-23 01:06:34,1,-1,3852.0,-16
2022-12-23 01:06:35,2,-2,3852.0,-18
2022-12-23 01:06:36,1,1,3852.0,-17
2022-12-23 01:06:37,26,-2,3851.75,-19
2022-12-23 01:06:38,1,1,3851.75,-18
2022-12-23 01:06:44,2,2,3851.75,-16
2022-12-23 01:06:45,2,-2,3851.75,-18
2022-12-23 01:06:46,12,-8,3851.75,-26
2022-12-23 01:06:47,2,0,3852.0,-26
2022-12-23 01:06:50,6,-5,3851.75,-31
2022-12-23 01:06:59,12,5,3851.75,-26
2022-12-23 01:07:03,9,4,3852.0,-22
2022-12-23 01:07:08,4,-4,3851.75,-26
2022-12-23 01:07:11,2,-1,3851.75,-27
2022-12-23 01:07:12,1,1,3851.75,-26
2022-12-23 01:07:16,90,-17,3852.0,-43
2022-12-23 01:07:21,13,11,3851.5,-32
2022-12-23 01:07:24,10,3,3851.5,-29
2022-12-23 01:07:27,1,-1,3851.25,-30
2022-12-23 01:07:30,10,6,3851.5,-24
2022-12-23 01:07:38,18,-7,3851.25,-31
2022-12-23 01:07:40,5,-3,3851.0,-34
2022-12-23 01:07:42,1,1,3851.25,-33
2022-12-23 01:07:43,18,3,3851.25,-30
2022-12-23 01:07:46,1,-1,3851.0,-31
2022-12-23 01:07:50,2,-1,3851.0,-32
2022-12-23 01:07:57,3,2,3851.25,-30
2022-12-23 01:08:00,2,-2,3851.25,-32
2022-12-23 01:08:02,2,2,3851.25,-30
2022-12-23 01:08:15,1,-1,3851.25,-31
2022-12-23 01:08:22,1,1,3851.5,-30
2022-12-23 01:08:28,1,1,3851.5,-29
2022-12-23 01:08:41,1,-1,3851.25,-30
2022-12-23 01:08:45,1,-1,3851.25,-31
2022-12-23 01:08:48,1,1,3851.25,-30
2022-12-23 01:08:59,1,1,3851.5,-29
2022-12-23 01:09:01,4,4,3851.5,-25
2022-12-23 01:09:02,3,1,3851.75,-24
2022-12-23 01:09:08,2,2,3852.0,-22
2022-12-23 01:09:10,1,1,3852.0,-21
2022-12-23 01:09:11,1,-1,3851.75,-22
2022-12-23 01:09:20,7,2,3851.75,-20
2022-12-23 01:09:24,4,-4,3851.5,-24
2022-12-23 01:09:25,1,-1,3851.5,-25
2022-12-23 01:09:36,1,-1,3851.5,-26
2022-12-23 01:10:21,2,-2,3851.25,-28
2022-12-23 01:10:29,2,2,3851.5,-26
2022-12-23 01:10:30,9,7,3851.75,-19
2022-12-23 01:10:35,16,11,3852.0,-8
2022-12-23 01:10:36,2,-2,3852.0,-10
2022-12-23 01:10:37,25,-10,3851.75,-20
2022-12-23 01:10:40,1,1,3852.0,-19
2022-12-23 01:10:42,3,-3,3851.75,-22
2022-12-23 01:10:56,3,3,3851.75,-19
2022-12-23 01:11:00,7,1,3851.75,-18
2022-12-23 01:11:15,2,-2,3851.5,-20
2022-12-23 01:11:16,1,-1,3851.5,-21
2022-12-23 01:11:18,52,6,3852.0,-15
2022-12-23 01:11:20,1,-1,3851.5,-16
2022-12-23 01:11:39,1,-1,3851.5,-17
2022-12-23 01:11:40,1,-1,3851.5,-18
2022-12-23 01:11:42,9,6,3852.0,-12
2022-12-23 01:11:54,2,-2,3851.75,-14
2022-12-23 01:11:55,1,1,3851.75,-13
2022-12-23 01:12:02,2,-1,3851.5,-14
2022-12-23 01:12:17,5,-3,3851.5,-17
2022-12-23 01:12:23,4,3,3851.5,-14
2022-12-23 01:12:30,36,-17,3851.25,-31
2022-12-23 01:12:33,2,2,3851.0,-29
2022-12-23 01:12:37,1,-1,3850.75,-30
2022-12-23 01:12:40,1,1,3851.0,-29
2022-12-23 01:12:43,6,0,3851.0,-29
2022-12-23 01:12:45,3,3,3851.25,-26
2022-12-23 01:12:46,1,-1,3851.25,-27
2022-12-23 01:12:47,1,-1,3851.25,-28
2022-12-23 01:12:48,1,-1,3851.25,-29
2022-12-23 01:12:50,1,-1,3851.25,-30
2022-12-23 01:12:59,1,-1,3851.25,-31
2022-12-23 01:13:19,1,-1,3851.25,-32
2022-12-23 01:13:20,1,-1,3851.0,-33
2022-12-23 01:13:21,1,1,3851.25,-32
2022-12-23 01:13:24,2,2,3851.25,-30
2022-12-23 01:14:01,3,2,3851.5,-28
2022-12-23 01:14:02,9,8,3851.5,-20
2022-12-23 01:14:04,1,-1,3851.25,-21
2022-12-23 01:14:11,1,1,3851.5,-20
2022-12-23 01:14:17,2,-2,3851.25,-22
2022-12-23 01:14:35,2,-2,3851.25,-24
2022-12-23 01:14:56,4,3,3851.25,-21
2022-12-23 01:15:01,1,-1,3851.0,-22
2022-12-23 01:15:02,8,3,3851.5,-19
2022-12-23 01:15:03,9,3,3851.5,-16
2022-12-23 01:15:22,3,-3,3851.25,-19
2022-12-23 01:15:37,5,5,3851.25,-14
2022-12-23 01:15:41,2,0,3851.5,-14
2022-12-23 01:15:47,1,-1,3851.0,-15
2022-12-23 01:15:51,3,3,3851.25,-12
2022-12-23 01:16:10,4,4,3851.5,-8
2022-12-23 01:16:12,1,-1,3851.25,-9
2022-12-23 01:16:15,2,-2,3851.25,-11
2022-12-23 01:16:21,10,-5,3851.25,-16
2022-12-23 01:16:29,1,-1,3851.0,-17
2022-12-23 01:16:31,5,5,3851.25,-12
2022-12-23 01:16:34,5,4,3851.5,-8
2022-12-23 01:16:38,1,1,3851.75,-7
2022-12-23 01:16:41,1,-1,3851.5,-8
2022-12-23 01:16:44,11,-4,3851.5,-12
2022-12-23 01:16:45,1,1,3851.5,-11
2022-12-23 01:16:53,3,3,3851.5,-8
2022-12-23 01:16:57,11,7,3851.75,-1
2022-12-23 01:16:59,3,3,3851.75,2
2022-12-23 01:17:01,1,-1,3851.75,1
2022-12-23 01:17:05,1,-1,3851.75,0
2022-12-23 01:17:10,1,-1,3851.75,-1
2022-12-23 01:17:11,1,-1,3851.5,-2
2022-12-23 01:17:15,1,1,3851.75,-1
2022-12-23 01:17:18,2,2,3851.75,1
2022-12-23 01:17:22,1,1,3851.75,2
2022-12-23 01:17:29,1,-1,3851.5,1
2022-12-23 01:17:36,1,1,3851.75,2
2022-12-23 01:17:40,1,1,3851.75,3
2022-12-23 01:17:53,1,-1,3851.5,2
2022-12-23 01:17:54,10,-8,3851.5,-6
2022-12-23 01:18:06,1,-1,3851.5,-7
2022-12-23 01:18:09,2,-2,3851.25,-9
2022-12-23 01:18:10,3,-3,3851.25,-12
2022-12-23 01:18:13,3,3,3851.5,-9
2022-12-23 01:18:17,1,-1,3851.25,-10
2022-12-23 01:18:26,12,5,3851.5,-5
2022-12-23 01:18:28,1,-1,3851.25,-6
2022-12-23 01:18:35,11,1,3851.5,-5
2022-12-23 01:18:49,3,-1,3851.75,-6
2022-12-23 01:18:56,26,22,3852.0,16
2022-12-23 01:18:59,4,-2,3851.75,14
2022-12-23 01:19:01,14,-7,3851.5,7
2022-12-23 01:19:15,1,1,3851.5,8
2022-12-23 01:19:17,6,-5,3851.25,3
2022-12-23 01:19:20,1,-1,3851.25,2
2022-12-23 01:19:22,1,-1,3851.25,1
2022-12-23 01:19:24,1,1,3851.5,2
2022-12-23 01:19:30,2,-2,3851.25,0
2022-12-23 01:19:33,1,1,3851.25,1
2022-12-23 01:19:36,13,0,3851.25,1
2022-12-23 01:19:40,5,-3,3851.0,-2
2022-12-23 01:19:41,6,1,3851.0,-1
2022-12-23 01:19:45,1,-1,3850.75,-2
2022-12-23 01:19:48,1,-1,3850.75,-3
2022-12-23 01:19:54,2,-2,3850.75,-5
2022-12-23 01:19:56,5,-5,3850.75,-10
2022-12-23 01:19:59,1,-1,3850.75,-11
2022-12-23 01:20:01,9,-8,3850.75,-19
2022-12-23 01:20:02,3,-3,3850.5,-22
2022-12-23 01:20:09,8,2,3850.75,-20
2022-12-23 01:20:10,1,1,3850.75,-19
2022-12-23 01:20:17,4,-3,3850.5,-22
2022-12-23 01:20:20,3,3,3850.75,-19
2022-12-23 01:20:21,18,6,3851.0,-13
2022-12-23 01:20:22,4,-3,3850.75,-16
2022-12-23 01:20:27,1,-1,3850.75,-17
2022-12-23 01:20:29,1,1,3851.0,-16
2022-12-23 01:20:40,20,-6,3850.75,-22
2022-12-23 01:20:45,2,-2,3850.75,-24
2022-12-23 01:20:47,1,-1,3850.5,-25
2022-12-23 01:20:53,1,1,3850.75,-24
2022-12-23 01:20:55,1,-1,3850.5,-25
2022-12-23 01:21:00,1,1,3850.75,-24
2022-12-23 01:21:04,29,-2,3850.5,-26
2022-12-23 01:21:05,5,-5,3850.25,-31
2022-12-23 01:21:06,3,-2,3850.25,-33
2022-12-23 01:21:07,1,1,3850.5,-32
2022-12-23 01:21:11,12,11,3850.5,-21
2022-12-23 01:21:13,152,-122,3850.25,-143
2022-12-23 01:21:14,4,4,3849.75,-139
2022-12-23 01:21:16,4,2,3850.0,-137
2022-12-23 01:21:25,11,-8,3849.75,-145
2022-12-23 01:21:26,2,-2,3849.75,-147
2022-12-23 01:21:28,3,-3,3849.75,-150
2022-12-23 01:21:34,1,-1,3849.75,-151
2022-12-23 01:21:35,35,18,3850.5,-133
2022-12-23 01:21:40,14,-2,3850.5,-135
2022-12-23 01:21:43,1,-1,3850.5,-136
2022-12-23 01:21:45,22,6,3850.75,-130
2022-12-23 01:21:47,1,-1,3850.5,-131
2022-12-23 01:21:48,12,0,3850.5,-131
2022-12-23 01:21:51,1,1,3850.5,-130
2022-12-23 01:21:59,4,4,3850.5,-126
2022-12-23 01:22:01,2,2,3850.5,-124
2022-12-23 01:22:03,1,1,3850.75,-123
2022-12-23 01:22:09,1,1,3850.75,-122
2022-12-23 01:22:11,1,-1,3850.5,-123
2022-12-23 01:22:18,16,4,3850.75,-119
2022-12-23 01:22:22,4,4,3850.75,-115
2022-12-23 01:22:23,5,5,3850.75,-110
2022-12-23 01:22:25,2,-1,3850.75,-111
2022-12-23 01:22:39,12,-4,3850.5,-115
2022-12-23 01:22:45,1,-1,3850.5,-116
2022-12-23 01:22:47,4,4,3850.5,-112
2022-12-23 01:22:48,3,3,3850.75,-109
2022-12-23 01:22:50,16,-7,3850.75,-116
2022-12-23 01:22:53,1,-1,3850.5,-117
2022-12-23 01:22:59,4,-4,3850.5,-121
2022-12-23 01:23:01,2,-2,3850.5,-123
2022-12-23 01:23:03,8,1,3850.5,-122
2022-12-23 01:23:04,1,-1,3850.5,-123
2022-12-23 01:23:09,9,7,3850.75,-116
2022-12-23 01:23:13,1,1,3850.75,-115
2022-12-23 01:23:16,5,4,3850.75,-111
2022-12-23 01:23:27,1,1,3850.75,-110
2022-12-23 01:23:28,31,-34,3850.5,-144
2022-12-23 01:23:35,1,-1,3850.25,-145
2022-12-23 01:23:36,7,-3,3850.25,-148
2022-12-23 01:23:45,1,-1,3850.25,-149
2022-12-23 01:23:54,3,1,3850.25,-148
2022-12-23 01:23:55,1,1,3850.25,-147
2022-12-23 01:23:59,2,0,3850.25,-147
2022-12-23 01:24:00,3,-3,3850.0,-150
2022-12-23 01:24:05,11,-1,3849.75,-151
2022-12-23 01:24:17,2,0,3850.0,-151
2022-12-23 01:24:19,4,-3,3849.75,-154
2022-12-23 01:24:22,1,-1,3849.75,-155
2022-12-23 01:24:23,3,-1,3849.75,-156
2022-12-23 01:24:29,1,-1,3849.5,-157
2022-12-23 01:24:33,5,-4,3849.5,-161
2022-12-23 01:24:34,1,-1,3849.5,-162
2022-12-23 01:24:37,12,-6,3849.5,-168
2022-12-23 01:24:40,5,4,3849.5,-164
2022-12-23 01:24:44,3,-3,3849.5,-167
2022-12-23 01:24:46,4,-1,3849.5,-168
2022-12-23 01:24:49,7,2,3849.5,-166
2022-12-23 01:24:53,1,-1,3849.25,-167
2022-12-23 01:24:54,3,-3,3849.25,-170
2022-12-23 01:24:59,1,-1,3849.25,-171
2022-12-23 01:25:00,2,-2,3849.25,-173
2022-12-23 01:25:03,15,-13,3849.0,-186
2022-12-23 01:25:07,5,-5,3849.0,-191
2022-12-23 01:25:08,1,-1,3849.0,-192
2022-12-23 01:25:09,1,-1,3849.0,-193
2022-12-23 01:25:12,8,4,3849.0,-189
2022-12-23 01:25:13,5,2,3849.0,-187
2022-12-23 01:25:14,10,-4,3849.0,-191
2022-12-23 01:25:18,10,-1,3848.75,-192
2022-12-23 01:25:19,22,-21,3848.5,-213
2022-12-23 01:25:20,4,-2,3848.75,-215
2022-12-23 01:25:21,3,-1,3848.5,-216
2022-12-23 01:25:22,17,-15,3848.25,-231
2022-12-23 01:25:24,1,-1,3848.25,-232
2022-12-23 01:25:25,2,-2,3848.25,-234
2022-12-23 01:25:26,1,-1,3848.25,-235
2022-12-23 01:25:27,57,-18,3848.25,-253
2022-12-23 01:25:28,7,-1,3848.5,-254
2022-12-23 01:25:29,11,5,3848.5,-249
2022-12-23 01:25:30,3,-3,3848.5,-252
2022-12-23 01:25:31,6,4,3848.75,-248
2022-12-23 01:25:32,1,1,3848.75,-247
2022-12-23 01:25:33,3,1,3848.75,-246
2022-12-23 01:25:34,2,-2,3848.5,-248
2022-12-23 01:25:35,1,1,3848.75,-247
2022-12-23 01:25:36,1,1,3848.75,-246
2022-12-23 01:25:39,17,6,3848.75,-240
2022-12-23 01:25:42,2,2,3848.75,-238
2022-12-23 01:25:43,4,-4,3848.75,-242
2022-12-23 01:25:44,1,1,3849.0,-241
2022-12-23 01:25:46,18,11,3849.0,-230
2022-12-23 01:25:50,9,8,3849.25,-222
2022-12-23 01:25:52,2,2,3849.25,-220
2022-12-23 01:25:53,1,-1,3849.25,-221
2022-12-23 01:25:54,1,1,3849.25,-220
2022-12-23 01:25:55,1,1,3849.25,-219
2022-12-23 01:25:58,4,4,3849.25,-215
2022-12-23 01:26:03,11,9,3849.5,-206
2022-12-23 01:26:06,1,1,3849.5,-205
2022-12-23 01:26:07,1,1,3849.5,-204
2022-12-23 01:26:08,25,8,3849.5,-196
2022-12-23 01:26:09,11,8,3849.5,-188
2022-12-23 01:26:13,1,1,3849.5,-187
2022-12-23 01:26:24,1,-1,3849.25,-188
2022-12-23 01:26:29,1,-1,3849.25,-189
2022-12-23 01:26:30,2,0,3849.25,-189
2022-12-23 01:26:32,2,-2,3849.25,-191
2022-12-23 01:26:37,1,1,3849.25,-190
2022-12-23 01:26:45,3,3,3849.5,-187
2022-12-23 01:26:47,2,-2,3849.5,-189
2022-12-23 01:26:51,3,2,3849.5,-187
2022-12-23 01:27:01,3,0,3849.5,-187
2022-12-23 01:27:19,1,1,3849.25,-186
2022-12-23 01:27:20,1,1,3849.25,-185
2022-12-23 01:27:25,1,1,3849.25,-184
2022-12-23 01:27:26,3,3,3849.25,-181
2022-12-23 01:27:31,1,1,3849.5,-180
2022-12-23 01:27:42,4,-4,3849.25,-184
2022-12-23 01:27:51,9,-6,3849.0,-190
2022-12-23 01:27:58,2,0,3849.0,-190
2022-12-23 01:28:00,2,2,3848.75,-188
2022-12-23 01:28:01,1,-1,3848.75,-189
2022-12-23 01:28:02,11,-7,3848.75,-196
2022-12-23 01:28:24,13,-3,3848.75,-199
2022-12-23 01:28:27,2,-3,3848.5,-202
2022-12-23 01:28:33,2,2,3848.5,-200
2022-12-23 01:28:35,1,1,3848.75,-199
2022-12-23 01:28:39,1,-1,3848.75,-200
2022-12-23 01:28:43,8,5,3849.0,-195
2022-12-23 01:28:46,2,2,3849.25,-193
2022-12-23 01:28:56,5,5,3849.25,-188
2022-12-23 01:28:58,30,19,3849.5,-169
2022-12-23 01:28:59,1,1,3849.5,-168
2022-12-23 01:29:12,1,-1,3849.25,-169
2022-12-23 01:29:13,2,-2,3849.25,-171
2022-12-23 01:29:19,6,2,3849.25,-169
2022-12-23 01:29:26,12,1,3849.25,-168
2022-12-23 01:29:30,2,2,3849.25,-166
2022-12-23 01:29:46,9,7,3849.25,-159
2022-12-23 01:29:48,11,-5,3849.25,-164
2022-12-23 01:29:49,2,1,3849.25,-163
2022-12-23 01:29:55,2,-2,3849.25,-165
2022-12-23 01:29:56,1,-1,3849.25,-166
2022-12-23 01:30:00,1,1,3849.25,-165
2022-12-23 01:30:03,5,-3,3849.25,-168
2022-12-23 01:30:04,1,1,3849.25,-167
2022-12-23 01:30:06,7,5,3849.25,-162
2022-12-23 01:30:07,22,23,3850.0,-139
2022-12-23 01:30:08,15,15,3850.25,-124
2022-12-23 01:30:09,29,9,3850.25,-115
2022-12-23 01:30:10,11,5,3850.25,-110
2022-12-23 01:30:11,10,4,3850.25,-106
2022-12-23 01:30:12,1,1,3850.0,-105
2022-12-23 01:30:16,5,-3,3850.0,-108
2022-12-23 01:30:19,1,1,3850.25,-107
2022-12-23 01:30:20,1,1,3850.25,-106
2022-12-23 01:30:21,30,24,3850.5,-82
2022-12-23 01:30:22,10,2,3850.75,-80
2022-12-23 01:30:24,2,2,3850.75,-78
2022-12-23 01:30:25,8,-2,3850.75,-80
2022-12-23 01:30:26,9,5,3851.0,-75
2022-12-23 01:30:28,1,-1,3850.75,-76
2022-12-23 01:30:31,6,4,3851.0,-72
2022-12-23 01:30:32,2,-2,3851.0,-74
2022-12-23 01:30:34,14,-7,3850.75,-81
2022-12-23 01:30:35,4,4,3850.75,-77
2022-12-23 01:30:39,5,4,3850.75,-73
2022-12-23 01:30:40,4,-2,3850.75,-75
2022-12-23 01:30:44,3,-1,3850.75,-76
2022-12-23 01:30:46,4,-4,3850.5,-80
2022-12-23 01:30:57,1,1,3850.75,-79
2022-12-23 01:30:58,2,-2,3850.75,-81
2022-12-23 01:31:00,8,4,3850.75,-77
2022-12-23 01:31:01,4,2,3850.75,-75
2022-12-23 01:31:03,3,1,3850.75,-74
2022-12-23 01:31:04,3,-3,3850.75,-77
2022-12-23 01:31:07,2,-2,3850.5,-79
2022-12-23 01:31:10,5,1,3850.5,-78
2022-12-23 01:31:12,2,0,3850.5,-78
2022-12-23 01:31:16,2,0,3850.75,-78
2022-12-23 01:31:18,2,2,3850.75,-76
2022-12-23 01:31:22,7,6,3851.0,-70
2022-12-23 01:31:23,11,1,3851.0,-69
2022-12-23 01:31:25,1,1,3851.25,-68
2022-12-23 01:31:27,9,-6,3851.0,-74
2022-12-23 01:31:31,2,2,3851.0,-72
2022-12-23 01:31:36,2,-2,3850.75,-74
2022-12-23 01:31:46,1,-1,3850.75,-75
2022-12-23 01:31:48,1,-1,3850.75,-76
2022-12-23 01:32:02,12,-11,3850.75,-87
2022-12-23 01:32:06,9,-3,3850.25,-90
2022-12-23 01:32:10,1,-1,3850.25,-91
2022-12-23 01:32:21,19,-13,3850.0,-104
2022-12-23 01:32:24,8,3,3850.0,-101
2022-12-23 01:32:25,16,-8,3849.5,-109
2022-12-23 01:32:28,2,-2,3849.5,-111
2022-12-23 01:32:34,5,-4,3849.5,-115
2022-12-23 01:32:37,2,-2,3849.25,-117
2022-12-23 01:32:39,2,-2,3849.25,-119
2022-12-23 01:32:43,10,2,3849.5,-117
2022-12-23 01:32:44,2,2,3849.75,-115
2022-12-23 01:32:45,1,1,3849.5,-114
2022-12-23 01:33:00,5,5,3850.0,-109
2022-12-23 01:33:15,3,-2,3850.0,-111
2022-12-23 01:33:16,9,-6,3850.0,-117
2022-12-23 01:33:23,1,1,3850.0,-116
2022-12-23 01:33:33,4,2,3850.0,-114
2022-12-23 01:33:35,1,-1,3849.75,-115
2022-12-23 01:33:46,1,1,3850.0,-114
2022-12-23 01:33:50,6,4,3850.25,-110
2022-12-23 01:33:52,1,1,3850.5,-109
2022-12-23 01:33:56,2,-2,3850.25,-111
2022-12-23 01:33:58,7,3,3850.5,-108
2022-12-23 01:34:02,1,-1,3850.5,-109
2022-12-23 01:34:13,7,5,3850.25,-104
2022-12-23 01:34:14,1,-1,3850.25,-105
2022-12-23 01:34:21,2,1,3850.25,-104
2022-12-23 01:34:30,10,-6,3850.0,-110
2022-12-23 01:34:33,1,-1,3850.0,-111
2022-12-23 01:34:40,1,-1,3850.0,-112
2022-12-23 01:34:45,2,0,3850.25,-112
2022-12-23 01:34:50,9,1,3850.5,-111
2022-12-23 01:35:10,2,2,3850.75,-109
2022-12-23 01:35:11,6,-6,3850.5,-115
2022-12-23 01:35:17,6,5,3850.75,-110
2022-12-23 01:35:20,2,2,3850.75,-108
2022-12-23 01:35:26,1,1,3851.0,-107
2022-12-23 01:35:27,4,4,3851.0,-103
2022-12-23 01:35:29,13,8,3851.25,-95
2022-12-23 01:35:33,4,-4,3851.0,-99
2022-12-23 01:35:34,1,-1,3851.0,-100
2022-12-23 01:35:40,1,-1,3851.0,-101
2022-12-23 01:35:41,2,1,3851.0,-100
2022-12-23 01:36:09,5,4,3851.25,-96
2022-12-23 01:36:17,1,1,3851.25,-95
2022-12-23 01:36:18,1,-1,3851.0,-96
2022-12-23 01:36:20,2,0,3851.25,-96
2022-12-23 01:36:27,3,-1,3851.0,-97
2022-12-23 01:36:31,3,-3,3851.0,-100
2022-12-23 01:36:33,8,4,3851.0,-96
2022-12-23 01:36:35,9,-3,3851.0,-99
2022-12-23 01:36:43,5,-4,3850.75,-103
2022-12-23 01:36:53,2,0,3850.5,-103
2022-12-23 01:36:55,1,1,3850.75,-102
2022-12-23 01:37:02,4,-3,3850.75,-105
2022-12-23 01:37:06,1,1,3850.75,-104
2022-12-23 01:37:17,2,1,3850.75,-103
2022-12-23 01:37:19,2,0,3850.75,-103
2022-12-23 01:37:24,1,-1,3850.75,-104
2022-12-23 01:37:30,1,1,3851.0,-103
2022-12-23 01:37:38,9,9,3851.0,-94
2022-12-23 01:37:55,7,6,3851.25,-88
2022-12-23 01:38:05,2,-2,3851.25,-90
2022-12-23 01:38:21,3,-3,3851.25,-93
2022-12-23 01:38:24,1,1,3851.25,-92
2022-12-23 01:38:28,1,-1,3851.0,-93
2022-12-23 01:38:32,6,-2,3851.0,-95
2022-12-23 01:38:35,1,1,3851.0,-94
2022-12-23 01:38:50,2,-2,3850.75,-96
2022-12-23 01:38:54,1,1,3851.0,-95
2022-12-23 01:38:56,1,1,3851.0,-94
2022-12-23 01:39:01,1,1,3851.0,-93
2022-12-23 01:39:04,5,5,3851.0,-88
2022-12-23 01:39:07,2,-2,3851.0,-90
2022-12-23 01:39:22,4,2,3851.0,-88
2022-12-23 01:39:35,11,7,3851.25,-81
2022-12-23 01:39:37,7,-6,3851.25,-87
2022-12-23 01:39:38,1,-1,3851.25,-88
2022-12-23 01:39:40,9,-9,3851.25,-97
2022-12-23 01:39:41,2,-2,3851.25,-99
2022-12-23 01:39:50,1,1,3851.25,-98
2022-12-23 01:40:15,5,5,3851.25,-93
2022-12-23 01:40:17,11,-8,3851.25,-101
2022-12-23 01:40:23,1,-1,3851.25,-102
2022-12-23 01:40:35,4,-4,3851.25,-106
2022-12-23 01:40:40,1,-1,3851.0,-107
2022-12-23 01:40:43,14,9,3851.5,-98
2022-12-23 01:40:48,10,10,3851.5,-88
2022-12-23 01:40:50,2,-2,3851.5,-90
2022-12-23 01:40:57,1,1,3851.5,-89
2022-12-23 01:41:00,3,1,3851.5,-88
2022-12-23 01:41:02,4,-4,3851.25,-92
2022-12-23 01:41:04,12,10,3851.75,-82
2022-12-23 01:41:06,1,1,3851.75,-81
2022-12-23 01:41:09,13,11,3851.75,-70
2022-12-23 01:41:13,5,4,3852.0,-66
2022-12-23 01:41:15,24,28,3852.25,-38
2022-12-23 01:41:17,6,-3,3852.25,-41
2022-12-23 01:41:20,1,-1,3852.25,-42
2022-12-23 01:41:24,3,1,3852.25,-41
2022-12-23 01:41:27,8,8,3852.5,-33
2022-12-23 01:41:29,1,-1,3852.25,-34
2022-12-23 01:41:30,1,1,3852.5,-33
2022-12-23 01:41:31,1,-1,3852.25,-34
2022-12-23 01:41:32,2,2,3852.25,-32
2022-12-23 01:41:33,3,3,3852.25,-29
2022-12-23 01:41:35,1,1,3852.5,-28
2022-12-23 01:41:36,1,1,3852.5,-27
2022-12-23 01:41:37,2,2,3852.5,-25
2022-12-23 01:41:40,64,-71,3852.25,-96
2022-12-23 01:41:42,1,1,3852.25,-95
2022-12-23 01:41:45,2,0,3852.0,-95
2022-12-23 01:41:50,1,-1,3851.75,-96
2022-12-23 01:41:51,1,-1,3851.75,-97
2022-12-23 01:41:53,2,0,3852.0,-97
2022-12-23 01:42:02,1,1,3852.0,-96
2022-12-23 01:42:09,10,6,3852.0,-90
2022-12-23 01:42:18,1,-1,3851.75,-91
2022-12-23 01:42:19,17,6,3852.25,-85
2022-12-23 01:42:22,1,1,3852.0,-84
2022-12-23 01:42:24,4,-4,3851.75,-88
2022-12-23 01:42:28,8,-7,3851.5,-95
2022-12-23 01:42:31,1,1,3851.5,-94
2022-12-23 01:42:33,7,0,3851.5,-94
2022-12-23 01:42:35,1,1,3851.5,-93
2022-12-23 01:42:36,4,4,3851.5,-89
2022-12-23 01:42:44,4,-4,3851.5,-93
2022-12-23 01:42:49,2,-2,3851.5,-95
2022-12-23 01:42:56,4,4,3851.75,-91
2022-12-23 01:43:06,6,6,3852.0,-85
2022-12-23 01:43:09,3,3,3852.25,-82
2022-12-23 01:43:13,1,-1,3852.25,-83
2022-12-23 01:43:14,1,1,3852.5,-82
2022-12-23 01:43:15,2,2,3852.25,-80
2022-12-23 01:43:33,1,1,3852.25,-79
2022-12-23 01:43:37,1,1,3852.25,-78
2022-12-23 01:43:51,1,1,3852.25,-77
2022-12-23 01:43:54,1,1,3852.25,-76
2022-12-23 01:44:00,1,-1,3852.25,-77
2022-12-23 01:44:01,16,12,3852.5,-65
2022-12-23 01:44:03,31,36,3853.25,-29
2022-12-23 01:44:04,12,6,3853.25,-23
2022-12-23 01:44:06,13,6,3853.25,-17
2022-12-23 01:44:09,2,0,3853.25,-17
2022-12-23 01:44:12,1,1,3853.25,-16
2022-12-23 01:44:13,8,-6,3853.0,-22
2022-12-23 01:44:14,4,-4,3852.75,-26
2022-12-23 01:44:16,5,5,3853.0,-21
2022-12-23 01:44:20,2,2,3853.25,-19
2022-12-23 01:44:21,1,-1,3853.0,-20
2022-12-23 01:44:22,7,-8,3852.75,-28
2022-12-23 01:44:23,2,2,3852.75,-26
2022-12-23 01:44:24,1,1,3852.75,-25
2022-12-23 01:44:26,1,1,3852.75,-24
2022-12-23 01:44:30,1,1,3852.75,-23
2022-12-23 01:44:41,1,-1,3852.75,-24
2022-12-23 01:44:42,2,-2,3852.75,-26
2022-12-23 01:44:44,3,-3,3852.75,-29
2022-12-23 01:44:46,1,1,3853.0,-28
2022-12-23 01:44:50,3,3,3853.0,-25
2022-12-23 01:44:51,6,-4,3853.0,-29
2022-12-23 01:44:55,1,1,3853.0,-28
2022-12-23 01:44:56,2,2,3853.0,-26
2022-12-23 01:44:58,4,3,3853.0,-23
2022-12-23 01:44:59,1,1,3853.25,-22
2022-12-23 01:45:00,9,9,3853.25,-13
2022-12-23 01:45:02,1,1,3853.25,-12
2022-12-23 01:45:03,1,-1,3853.0,-13
2022-12-23 01:45:05,1,-1,3853.0,-14
2022-12-23 01:45:07,10,4,3853.25,-10
2022-12-23 01:45:08,7,-6,3853.25,-16
2022-12-23 01:45:11,1,1,3853.25,-15
2022-12-23 01:45:16,1,1,3853.25,-14
2022-12-23 01:45:26,1,-1,3853.0,-15
2022-12-23 01:45:34,3,-1,3853.25,-16
2022-12-23 01:45:39,4,-4,3853.0,-20
2022-12-23 01:45:48,2,2,3853.25,-18
2022-12-23 01:45:49,4,0,3853.25,-18
2022-12-23 01:45:53,4,-4,3853.25,-22
2022-12-23 01:46:02,10,13,3853.75,-9
2022-12-23 01:46:03,1,-1,3853.5,-10
2022-12-23 01:46:04,4,2,3853.5,-8
2022-12-23 01:46:06,4,-3,3853.25,-11
2022-12-23 01:46:07,1,-1,3853.25,-12
2022-12-23 01:46:08,1,-1,3853.5,-13
2022-12-23 01:46:09,1,-1,3853.5,-14
2022-12-23 01:46:10,4,-4,3853.5,-18
2022-12-23 01:46:16,7,-3,3853.25,-21
2022-12-23 01:46:17,22,35,3853.75,14
2022-12-23 01:46:19,2,2,3853.5,16
2022-12-23 01:46:35,9,3,3853.5,19
2022-12-23 01:46:36,1,1,3853.75,20
2022-12-23 01:46:37,1,-1,3853.5,19
2022-12-23 01:46:38,9,-8,3853.5,11
2022-12-23 01:46:39,1,1,3853.75,12
2022-12-23 01:46:40,4,-4,3853.5,8
2022-12-23 01:46:41,3,-1,3853.5,7
2022-12-23 01:46:51,3,3,3853.5,10
2022-12-23 01:46:52,10,2,3853.5,12
2022-12-23 01:47:00,21,8,3853.75,20
2022-12-23 01:47:01,26,14,3854.25,34
2022-12-23 01:47:03,11,-8,3854.25,26
2022-12-23 01:47:06,18,-7,3853.5,19
2022-12-23 01:47:07,11,-11,3853.25,8
2022-12-23 01:47:08,1,-1,3853.0,7
2022-12-23 01:47:09,21,24,3853.5,31
2022-12-23 01:47:10,6,-6,3853.25,25
2022-12-23 01:47:13,1,1,3853.25,26
2022-12-23 01:47:24,3,3,3853.25,29
2022-12-23 01:47:25,2,0,3853.5,29
2022-12-23 01:47:34,4,-3,3853.25,26
2022-12-23 01:47:36,11,-5,3853.0,21
2022-12-23 01:47:39,20,9,3853.25,30
2022-12-23 01:47:40,1,-1,3853.25,29
2022-12-23 01:47:42,1,1,3853.25,30
2022-12-23 01:47:46,24,23,3853.5,53
2022-12-23 01:47:48,6,5,3853.25,58
2022-12-23 01:47:51,16,-6,3853.25,52
2022-12-23 01:47:52,4,3,3853.25,55
2022-12-23 01:47:54,5,4,3853.25,59
2022-12-23 01:47:55,1,-1,3853.25,58
2022-12-23 01:47:56,3,3,3853.25,61
2022-12-23 01:48:00,4,4,3853.5,65
2022-12-23 01:48:09,1,1,3853.5,66
2022-12-23 01:48:16,1,-1,3853.25,65
2022-12-23 01:48:20,1,1,3853.5,66
2022-12-23 01:48:24,12,-2,3853.5,64
2022-12-23 01:48:25,1,-1,3853.25,63
2022-12-23 01:48:33,1,-1,3853.25,62
2022-12-23 01:48:45,12,9,3853.75,71
2022-12-23 01:48:48,11,10,3854.0,81
2022-12-23 01:48:50,1,1,3854.0,82
2022-12-23 01:49:00,15,10,3854.0,92
2022-12-23 01:49:05,1,1,3854.0,93
2022-12-23 01:49:12,8,6,3854.0,99
2022-12-23 01:49:16,1,-1,3854.0,98
2022-12-23 01:49:20,6,1,3854.25,99
2022-12-23 01:49:21,6,-5,3854.0,94
2022-12-23 01:49:23,1,-1,3854.0,93
2022-12-23 01:49:26,8,6,3854.25,99
2022-12-23 01:49:28,1,1,3854.25,100
2022-12-23 01:49:31,8,-3,3854.0,97
2022-12-23 01:49:39,1,-1,3854.0,96
2022-12-23 01:49:48,8,-4,3854.0,92
2022-12-23 01:49:53,4,-3,3853.75,89
2022-12-23 01:49:54,1,-1,3853.75,88
2022-12-23 01:50:00,4,0,3854.0,88
2022-12-23 01:50:04,10,9,3854.0,97
2022-12-23 01:50:10,4,0,3854.25,97
2022-12-23 01:50:12,1,1,3854.25,98
2022-12-23 01:50:35,2,1,3854.25,99
2022-12-23 01:50:36,1,-1,3854.0,98
2022-12-23 01:50:37,2,-2,3854.0,96
2022-12-23 01:50:38,2,-2,3854.0,94
2022-12-23 01:50:47,44,23,3854.5,117
2022-12-23 01:50:48,6,4,3854.75,121
2022-12-23 01:50:49,3,-3,3854.25,118
2022-12-23 01:50:53,1,-1,3854.25,117
2022-12-23 01:50:55,6,-6,3854.0,111
2022-12-23 01:50:56,1,-1,3853.75,110
2022-12-23 01:50:57,1,-1,3853.75,109
2022-12-23 01:51:06,2,0,3854.0,109
2022-12-23 01:51:07,1,1,3854.0,110
2022-12-23 01:51:09,1,1,3854.0,111
2022-12-23 01:51:11,4,3,3854.0,114
2022-12-23 01:51:18,1,-1,3854.0,113
2022-12-23 01:51:24,2,-2,3853.75,111
2022-12-23 01:51:25,1,-1,3853.75,110
2022-12-23 01:51:26,2,-1,3853.75,109
2022-12-23 01:51:27,8,5,3853.75,114
2022-12-23 01:51:29,5,4,3854.0,118
2022-12-23 01:51:35,8,-2,3853.75,116
2022-12-23 01:51:36,2,-2,3853.75,114
2022-12-23 01:51:38,11,-10,3853.5,104
2022-12-23 01:51:39,10,-5,3853.5,99
2022-12-23 01:51:40,1,-1,3853.25,98
2022-12-23 01:51:41,2,-2,3853.25,96
2022-12-23 01:51:42,5,3,3853.5,99
2022-12-23 01:51:46,7,1,3853.75,100
2022-12-23 01:51:54,1,1,3853.75,101
2022-12-23 01:51:56,1,-1,3853.5,100
2022-12-23 01:51:58,7,3,3853.5,103
2022-12-23 01:52:00,2,0,3853.75,103
2022-12-23 01:52:04,1,-1,3853.5,102
2022-12-23 01:52:05,4,0,3853.5,102
2022-12-23 01:52:11,1,-1,3853.5,101
2022-12-23 01:52:15,2,-2,3853.5,99
2022-12-23 01:52:18,2,2,3853.5,101
2022-12-23 01:52:22,3,2,3853.75,103
2022-12-23 01:52:34,1,-1,3853.5,102
2022-12-23 01:52:37,2,2,3853.75,104
2022-12-23 01:52:41,2,2,3853.75,106
2022-12-23 01:52:46,5,-5,3853.5,101
2022-12-23 01:52:51,2,-2,3853.5,99
2022-12-23 01:52:52,2,2,3853.25,101
2022-12-23 01:52:54,10,-9,3853.0,92
2022-12-23 01:52:55,1,-1,3853.0,91
2022-12-23 01:52:56,2,2,3853.25,93
2022-12-23 01:52:59,6,-5,3853.25,88
2022-12-23 01:53:03,2,-2,3853.25,86
2022-12-23 01:53:08,6,4,3853.5,90
2022-12-23 01:53:14,17,8,3853.5,98
2022-12-23 01:53:15,11,8,3853.75,106
2022-12-23 01:53:19,7,-4,3853.5,102
2022-12-23 01:53:30,6,-2,3853.5,100
2022-12-23 01:53:33,4,4,3853.5,104
2022-12-23 01:53:40,2,-2,3853.25,102
2022-12-23 01:53:42,1,1,3853.25,103
2022-12-23 01:53:46,7,7,3853.5,110
2022-12-23 01:53:58,3,-3,3853.5,107
2022-12-23 01:54:02,44,44,3854.25,151
2022-12-23 01:54:04,2,-2,3854.25,149
2022-12-23 01:54:05,1,-1,3854.25,148
2022-12-23 01:54:07,2,-2,3854.25,146
2022-12-23 01:54:25,1,-1,3854.0,145
2022-12-23 01:54:35,1,1,3854.25,146
2022-12-23 01:54:36,2,-2,3854.0,144
2022-12-23 01:54:37,15,-6,3854.0,138
2022-12-23 01:54:41,5,-2,3854.0,136
2022-12-23 01:54:43,9,-3,3854.0,133
2022-12-23 01:54:45,57,-19,3854.0,114
2022-12-23 01:54:46,3,-3,3853.75,111
2022-12-23 01:54:48,8,-7,3853.75,104
2022-12-23 01:54:49,2,-2,3853.5,102
2022-12-23 01:55:00,16,4,3853.75,106
2022-12-23 01:55:01,4,2,3853.75,108
2022-12-23 01:55:02,2,2,3853.75,110
2022-12-23 01:55:12,2,-1,3853.75,109
2022-12-23 01:55:35,13,6,3854.0,115
2022-12-23 01:55:36,2,2,3854.0,117
2022-12-23 01:56:12,1,-1,3854.0,116
2022-12-23 01:56:14,1,1,3854.25,117
2022-12-23 01:56:19,5,5,3854.25,122
2022-12-23 01:56:20,22,24,3854.75,146
2022-12-23 01:56:26,9,6,3855.0,152
2022-12-23 01:56:29,3,3,3855.0,155
2022-12-23 01:56:30,6,-2,3854.75,153
2022-12-23 01:56:31,5,5,3855.0,158
2022-12-23 01:56:32,3,-3,3854.75,155
2022-12-23 01:56:39,1,-1,3854.75,154
2022-12-23 01:56:44,1,1,3854.75,155
2022-12-23 01:56:47,3,1,3854.5,156
2022-12-23 01:56:48,5,-3,3854.75,153
2022-12-23 01:56:50,1,1,3854.5,154
2022-12-23 01:56:51,2,-2,3854.25,152
2022-12-23 01:56:55,2,-2,3854.25,150
2022-12-23 01:57:01,5,-1,3854.25,149
2022-12-23 01:57:12,2,2,3854.25,151
2022-12-23 01:57:15,8,-7,3854.0,144
2022-12-23 01:57:18,4,-3,3853.75,141
2022-12-23 01:57:20,4,-3,3853.75,138
2022-12-23 01:57:22,1,-1,3853.75,137
2022-12-23 01:57:24,7,2,3853.75,139
2022-12-23 01:57:28,1,1,3854.0,140
2022-12-23 01:57:30,1,1,3853.75,141
2022-12-23 01:57:33,1,1,3853.75,142
2022-12-23 01:57:40,2,-2,3853.75,140
2022-12-23 01:57:43,3,-2,3853.75,138
2022-12-23 01:57:47,5,-4,3853.5,134
2022-12-23 01:57:48,11,-8,3853.5,126
2022-12-23 01:57:49,3,-3,3853.25,123
2022-12-23 01:57:51,9,-2,3853.25,121
2022-12-23 01:57:52,7,5,3853.5,126
2022-12-23 01:58:01,6,-3,3853.5,123
2022-12-23 01:58:02,1,1,3853.5,124
2022-12-23 01:58:03,3,-3,3853.5,121
2022-12-23 01:58:05,1,-1,3853.5,120
2022-12-23 01:58:11,2,-2,3853.5,118
2022-12-23 01:58:12,3,2,3853.5,120
2022-12-23 01:58:17,1,1,3853.75,121
2022-12-23 01:58:21,8,7,3853.75,128
2022-12-23 01:58:32,7,7,3854.0,135
2022-12-23 01:58:33,1,-1,3854.0,134
2022-12-23 01:58:35,1,-1,3854.0,133
2022-12-23 01:58:38,1,-1,3854.0,132
2022-12-23 01:58:39,1,-1,3854.0,131
2022-12-23 01:58:42,1,1,3854.25,132
2022-12-23 01:58:48,9,-3,3854.25,129
2022-12-23 01:58:49,3,1,3854.5,130
2022-12-23 01:58:51,7,6,3854.25,136
2022-12-23 01:58:52,5,1,3854.5,137
2022-12-23 01:58:53,2,-2,3854.25,135
2022-12-23 01:59:00,1,-1,3854.25,134
2022-12-23 01:59:08,3,1,3854.25,135
2022-12-23 01:59:09,8,2,3854.25,137
2022-12-23 01:59:22,1,-1,3854.0,136
2022-12-23 01:59:27,1,-1,3854.0,135
2022-12-23 01:59:28,4,-4,3854.0,131
2022-12-23 01:59:45,5,-5,3853.75,126
2022-12-23 01:59:53,5,-2,3853.5,124
2022-12-23 01:59:54,3,1,3853.75,125
2022-12-23 01:59:55,2,0,3853.5,125
2022-12-23 01:59:58,1,1,3853.5,126
2022-12-23 01:59:59,12,-14,3853.25,112
2022-12-23 02:00:00,16,1,3853.5,113
2022-12-23 02:00:01,9,7,3853.75,120
2022-12-23 02:00:02,6,0,3853.75,120
2022-12-23 02:00:03,1,-1,3853.75,119
2022-12-23 02:00:04,1,-1,3853.75,118
2022-12-23 02:00:05,7,7,3854.0,125
2022-12-23 02:00:06,4,0,3854.0,125
2022-12-23 02:00:08,3,-3,3854.0,122
2022-12-23 02:00:09,2,2,3854.0,124
2022-12-23 02:00:11,1,1,3854.25,125
2022-12-23 02:00:12,12,8,3854.25,133
2022-12-23 02:00:14,15,18,3854.75,151
2022-12-23 02:00:16,5,1,3854.5,152
2022-12-23 02:00:17,11,-4,3854.5,148
2022-12-23 02:00:18,9,4,3854.25,152
2022-12-23 02:00:19,9,-6,3854.25,146
2022-12-23 02:00:20,1,1,3854.25,147
2022-12-23 02:00:21,1,1,3854.25,148
2022-12-23 02:00:22,1,-1,3854.25,147
2022-12-23 02:00:23,4,-3,3854.25,144
2022-12-23 02:00:24,2,-2,3854.25,142
2022-12-23 02:00:30,2,-2,3854.25,140
2022-12-23 02:00:38,2,2,3854.5,142
2022-12-23 02:00:39,6,3,3854.5,145
2022-12-23 02:00:40,7,-3,3854.5,142
2022-12-23 02:00:41,3,2,3854.75,144
2022-12-23 02:00:43,1,1,3854.75,145
2022-12-23 02:00:44,1,-1,3854.5,144
2022-12-23 02:00:46,8,-1,3854.5,143
2022-12-23 02:00:49,6,-1,3854.5,142
2022-12-23 02:00:58,4,-4,3854.25,138
2022-12-23 02:00:59,2,-2,3854.0,136
2022-12-23 02:01:00,2,0,3854.5,136
2022-12-23 02:01:01,6,-5,3854.0,131
2022-12-23 02:01:04,6,-6,3853.75,125
2022-12-23 02:01:06,2,-2,3853.75,123
2022-12-23 02:01:09,1,-1,3853.5,122
2022-12-23 02:01:10,5,-5,3853.25,117
2022-12-23 02:01:11,1,-1,3853.25,116
2022-12-23 02:01:14,2,-2,3853.0,114
2022-12-23 02:01:15,10,-8,3852.75,106
2022-12-23 02:01:16,8,0,3853.0,106
2022-12-23 02:01:17,2,-2,3853.0,104
2022-12-23 02:01:20,2,0,3853.25,104
2022-12-23 02:01:22,3,1,3853.0,105
2022-12-23 02:01:24,10,7,3853.0,112
2022-12-23 02:01:25,3,-3,3852.75,109
2022-12-23 02:01:26,1,-1,3852.5,108
2022-12-23 02:01:27,10,1,3852.75,109
2022-12-23 02:01:28,4,-4,3852.25,105
2022-12-23 02:01:29,5,-1,3852.25,104
2022-12-23 02:01:30,1,-1,3852.25,103
2022-12-23 02:01:31,1,-1,3852.25,102
2022-12-23 02:01:33,1,-1,3852.25,101
2022-12-23 02:01:35,11,2,3852.25,103
2022-12-23 02:01:36,2,-2,3852.0,101
2022-12-23 02:01:37,1,1,3852.25,102
2022-12-23 02:01:39,10,-8,3852.0,94
2022-12-23 02:01:41,3,-3,3851.75,91
2022-12-23 02:01:42,1,-1,3851.75,90
2022-12-23 02:01:43,2,0,3852.0,90
2022-12-23 02:01:44,16,-1,3852.0,89
2022-12-23 02:01:46,1,-1,3851.75,88
2022-12-23 02:01:47,19,-1,3851.75,87
2022-12-23 02:01:48,1,1,3851.75,88
2022-12-23 02:01:50,1,-1,3851.75,87
2022-12-23 02:01:53,1,-1,3851.75,86
2022-12-23 02:01:55,7,3,3852.0,89
2022-12-23 02:01:56,9,3,3852.0,92
2022-12-23 02:01:58,4,0,3852.0,92
2022-12-23 02:02:01,6,-4,3852.0,88
2022-12-23 02:02:04,7,-1,3852.0,87
2022-12-23 02:02:05,6,4,3851.75,91
2022-12-23 02:02:08,2,0,3852.0,91
2022-12-23 02:02:09,15,12,3852.25,103
2022-12-23 02:02:10,7,-7,3852.0,96
2022-12-23 02:02:12,10,6,3851.75,102
2022-12-23 02:02:14,3,3,3851.75,105
2022-12-23 02:02:15,2,-2,3851.75,103
2022-12-23 02:02:16,5,5,3851.75,108
2022-12-23 02:02:20,3,-3,3851.5,105
2022-12-23 02:02:22,3,2,3851.75,107
2022-12-23 02:02:24,4,4,3852.0,111
2022-12-23 02:02:30,5,4,3852.25,115
2022-12-23 02:02:31,1,-1,3852.0,114
2022-12-23 02:02:33,7,-4,3852.0,110
2022-12-23 02:02:37,3,3,3852.0,113
2022-12-23 02:02:39,1,-1,3852.0,112
2022-12-23 02:02:43,1,-1,3852.0,111
2022-12-23 02:02:45,1,1,3852.25,112
2022-12-23 02:02:52,3,3,3852.25,115
2022-12-23 02:02:53,1,-1,3852.25,114
2022-12-23 02:02:58,1,-1,3852.25,113
2022-12-23 02:03:00,3,3,3852.5,116
2022-12-23 02:03:05,4,4,3852.75,120
2022-12-23 02:03:06,12,3,3853.0,123
2022-12-23 02:03:08,1,-1,3852.75,122
2022-12-23 02:03:09,7,-3,3852.75,119
2022-12-23 02:03:11,1,1,3852.75,120
2022-12-23 02:03:14,2,-2,3852.75,118
2022-12-23 02:03:19,7,7,3853.25,125
2022-12-23 02:03:20,12,5,3853.75,130
2022-12-23 02:03:22,2,2,3853.75,132
2022-12-23 02:03:27,3,1,3853.75,133
2022-12-23 02:03:28,1,-1,3853.75,132
2022-12-23 02:03:30,6,4,3853.75,136
2022-12-23 02:03:33,4,4,3854.0,140
2022-12-23 02:03:34,6,-6,3854.0,134
2022-12-23 02:03:36,8,-6,3853.75,128
2022-12-23 02:03:43,2,2,3853.75,130
2022-12-23 02:03:55,1,1,3853.75,131
2022-12-23 02:04:03,2,2,3853.75,133
2022-12-23 02:04:08,7,7,3854.0,140
2022-12-23 02:04:13,12,12,3854.5,152
2022-12-23 02:04:16,4,-2,3854.25,150
2022-12-23 02:04:18,40,24,3854.75,174
2022-12-23 02:04:19,82,30,3855.5,204
2022-12-23 02:04:20,12,-1,3855.0,203
2022-12-23 02:04:22,1,1,3854.5,204
2022-12-23 02:04:25,6,-2,3854.25,202
2022-12-23 02:04:27,4,4,3854.5,206
2022-12-23 02:04:29,5,-3,3854.5,203
2022-12-23 02:04:31,3,3,3854.5,206
2022-12-23 02:04:34,8,-8,3854.25,198
2022-12-23 02:04:35,1,-1,3854.25,197
2022-12-23 02:04:36,1,-1,3854.25,196
2022-12-23 02:04:41,1,1,3854.5,197
2022-12-23 02:04:43,1,-1,3854.25,196
2022-12-23 02:04:47,2,0,3854.25,196
2022-12-23 02:04:51,4,4,3854.25,200
2022-12-23 02:04:58,3,3,3854.5,203
2022-12-23 02:04:59,5,-3,3855.0,200
2022-12-23 02:05:00,7,7,3855.25,207
2022-12-23 02:05:01,3,-1,3855.25,206
2022-12-23 02:05:02,2,-2,3855.0,204
2022-12-23 02:05:04,2,2,3855.25,206
2022-12-23 02:05:07,2,0,3855.25,206
2022-12-23 02:05:09,2,-3,3855.0,203
2022-12-23 02:05:10,23,21,3855.25,224
2022-12-23 02:05:12,3,0,3855.25,224
2022-12-23 02:05:13,2,2,3855.25,226
2022-12-23 02:05:14,6,-5,3855.25,221
2022-12-23 02:05:16,1,1,3855.25,222
2022-12-23 02:05:19,1,-1,3855.0,221
2022-12-23 02:05:20,1,1,3855.0,222
2022-12-23 02:05:21,2,0,3854.75,222
2022-12-23 02:05:24,4,4,3855.0,226
2022-12-23 02:05:26,1,-1,3855.0,225
2022-12-23 02:05:28,5,-5,3855.0,220
2022-12-23 02:05:30,3,-3,3854.75,217
2022-12-23 02:05:32,1,1,3855.0,218
2022-12-23 02:05:35,1,1,3855.0,219
2022-12-23 02:05:38,1,1,3855.0,220
2022-12-23 02:05:40,25,-24,3855.0,196
2022-12-23 02:05:41,1,1,3855.0,197
2022-12-23 02:05:47,3,1,3855.25,198
2022-12-23 02:05:48,4,-4,3855.0,194
2022-12-23 02:05:49,1,1,3854.75,195
2022-12-23 02:05:56,7,-6,3854.75,189
2022-12-23 02:06:00,9,5,3855.0,194
2022-12-23 02:06:01,1,-1,3855.0,193
2022-12-23 02:06:03,1,1,3855.0,194
2022-12-23 02:06:07,1,1,3855.0,195
2022-12-23 02:06:11,2,-2,3855.0,193
2022-12-23 02:06:15,2,0,3854.75,193
2022-12-23 02:06:17,10,2,3855.0,195
2022-12-23 02:06:19,1,1,3855.25,196
2022-12-23 02:06:28,6,6,3855.25,202
2022-12-23 02:06:29,1,-1,3855.25,201
2022-12-23 02:06:30,2,2,3855.25,203
2022-12-23 02:06:35,1,1,3855.5,204
2022-12-23 02:06:37,5,5,3855.5,209
2022-12-23 02:06:38,1,-1,3855.25,208
2022-12-23 02:06:41,1,1,3855.25,209
2022-12-23 02:06:42,6,6,3855.5,215
2022-12-23 02:06:46,1,-1,3855.5,214
2022-12-23 02:06:49,7,7,3855.5,221
2022-12-23 02:06:50,2,0,3855.25,221
2022-12-23 02:06:54,1,1,3855.5,222
2022-12-23 02:06:56,9,-13,3855.5,209
2022-12-23 02:06:57,23,8,3855.25,217
2022-12-23 02:06:58,2,-2,3855.25,215
2022-12-23 02:07:00,2,-1,3855.0,214
2022-12-23 02:07:03,6,4,3855.25,218
2022-12-23 02:07:06,1,-1,3855.0,217
2022-12-23 02:07:11,1,-1,3855.0,216
2022-12-23 02:07:12,7,-1,3855.0,215
2022-12-23 02:07:16,3,3,3855.0,218
2022-12-23 02:07:17,2,0,3855.0,218
2022-12-23 02:07:19,11,-9,3855.0,209
2022-12-23 02:07:20,14,-6,3855.0,203
2022-12-23 02:07:24,4,-4,3854.5,199
2022-12-23 02:07:25,5,-5,3854.5,194
2022-12-23 02:07:31,1,1,3854.75,195
2022-12-23 02:07:34,5,-4,3854.5,191
2022-12-23 02:07:35,1,-1,3854.5,190
2022-12-23 02:07:36,5,5,3854.5,195
2022-12-23 02:07:37,5,1,3854.75,196
2022-12-23 02:07:38,1,-1,3854.5,195
2022-12-23 02:07:48,1,1,3854.5,196
2022-12-23 02:07:51,2,2,3854.5,198
2022-12-23 02:07:57,3,-3,3854.25,195
2022-12-23 02:08:00,9,-9,3854.0,186
2022-12-23 02:08:08,1,1,3854.25,187
2022-12-23 02:08:17,1,1,3854.5,188
2022-12-23 02:08:20,1,-1,3854.25,187
2022-12-23 02:08:27,5,3,3854.5,190
2022-12-23 02:08:30,1,1,3854.75,191
2022-12-23 02:08:33,7,-3,3854.5,188
2022-12-23 02:08:34,1,1,3854.75,189
2022-12-23 02:08:40,1,1,3854.75,190
2022-12-23 02:08:44,1,-1,3854.5,189
2022-12-23 02:08:49,22,11,3854.75,200
2022-12-23 02:08:53,2,2,3854.75,202
2022-12-23 02:08:54,8,-6,3854.75,196
2022-12-23 02:08:57,1,1,3854.75,197
2022-12-23 02:08:58,4,3,3854.75,200
2022-12-23 02:09:05,16,-3,3854.25,197
2022-12-23 02:09:09,5,0,3854.25,197
2022-12-23 02:09:10,2,2,3854.25,199
2022-12-23 02:09:15,1,1,3854.5,200
2022-12-23 02:09:19,2,0,3854.5,200
2022-12-23 02:09:20,1,-1,3854.25,199
2022-12-23 02:09:25,1,-1,3854.25,198
2022-12-23 02:09:26,1,-1,3854.25,197
2022-12-23 02:09:27,1,-1,3854.25,196
2022-12-23 02:09:39,1,-1,3854.0,195
2022-12-23 02:09:41,8,-4,3854.0,191
2022-12-23 02:09:44,2,2,3854.25,193
2022-12-23 02:09:47,3,-3,3854.25,190
2022-12-23 02:09:55,2,2,3854.25,192
2022-12-23 02:09:56,1,-1,3854.25,191
2022-12-23 02:09:57,24,-18,3854.25,173
2022-12-23 02:09:59,33,6,3854.0,179
2022-12-23 02:10:00,1,-1,3853.75,178
2022-12-23 02:10:01,7,-7,3853.75,171
2022-12-23 02:10:02,1,1,3853.75,172
2022-12-23 02:10:04,1,-1,3853.75,171
2022-12-23 02:10:06,1,1,3853.75,172
2022-12-23 02:10:12,7,-5,3853.75,167
2022-12-23 02:10:14,10,-5,3853.5,162
2022-12-23 02:10:15,7,-4,3853.5,158
2022-12-23 02:10:18,5,5,3853.5,163
2022-12-23 02:10:19,4,1,3853.5,164
2022-12-23 02:10:20,1,1,3853.5,165
2022-12-23 02:10:22,2,-2,3853.25,163
2022-12-23 02:10:26,1,-1,3853.25,162
2022-12-23 02:10:28,1,1,3853.5,163
2022-12-23 02:10:41,4,-4,3853.25,159
2022-12-23 02:10:42,5,5,3853.25,164
2022-12-23 02:10:44,4,0,3853.25,164
2022-12-23 02:10:45,1,-1,3853.0,163
2022-12-23 02:10:59,1,1,3853.25,164
2022-12-23 02:11:02,3,3,3853.5,167
2022-12-23 02:11:17,2,-2,3853.5,165
2022-12-23 02:11:19,7,-3,3853.5,162
2022-12-23 02:11:21,5,1,3853.5,163
2022-12-23 02:11:32,9,-9,3853.0,154
2022-12-23 02:11:34,62,42,3853.5,196
2022-12-23 02:11:42,2,2,3853.5,198
2022-12-23 02:12:00,2,0,3853.75,198
2022-12-23 02:12:07,8,6,3853.75,204
2022-12-23 02:12:09,5,5,3854.0,209
2022-12-23 02:12:10,1,1,3854.0,210
2022-12-23 02:12:11,8,0,3854.0,210
2022-12-23 02:12:15,4,4,3854.25,214
2022-12-23 02:12:17,4,-3,3854.25,211
2022-12-23 02:12:18,2,0,3854.25,211
2022-12-23 02:12:23,7,-5,3854.0,206
2022-12-23 02:12:24,2,2,3854.0,208
2022-12-23 02:12:27,2,2,3854.25,210
2022-12-23 02:12:31,3,-2,3854.25,208
2022-12-23 02:12:40,5,3,3854.0,211
2022-12-23 02:12:54,8,-5,3854.25,206
2022-12-23 02:13:00,12,9,3854.5,215
2022-12-23 02:13:01,9,-1,3854.5,214
2022-12-23 02:13:02,4,4,3854.75,218
2022-12-23 02:13:06,16,-9,3854.5,209
2022-12-23 02:13:11,3,0,3854.75,209
2022-12-23 02:13:14,1,-1,3854.5,208
2022-12-23 02:13:17,1,1,3854.75,209
2022-12-23 02:13:21,2,0,3855.0,209
2022-12-23 02:13:22,24,-7,3855.0,202
2022-12-23 02:13:25,1,-1,3854.75,201
2022-12-23 02:13:26,2,2,3855.0,203
2022-12-23 02:13:27,1,-1,3854.75,202
2022-12-23 02:13:35,7,-6,3854.75,196
2022-12-23 02:13:36,2,-2,3854.75,194
2022-12-23 02:13:43,6,-4,3854.5,190
2022-12-23 02:13:48,3,-3,3854.25,187
2022-12-23 02:13:49,10,-9,3854.0,178
2022-12-23 02:13:52,4,-3,3854.0,175
2022-12-23 02:14:00,24,-18,3853.75,157
2022-12-23 02:14:11,19,0,3854.0,157
2022-12-23 02:14:12,3,3,3854.0,160
2022-12-23 02:14:15,7,-6,3854.0,154
2022-12-23 02:14:20,1,-1,3853.75,153
2022-12-23 02:14:24,14,3,3853.75,156
2022-12-23 02:14:26,11,6,3853.75,162
2022-12-23 02:14:28,8,3,3854.0,165
2022-12-23 02:14:30,1,-1,3854.0,164
2022-12-23 02:14:39,3,-3,3853.75,161
2022-12-23 02:14:42,4,-4,3853.5,157
2022-12-23 02:14:45,5,-2,3853.5,155
2022-12-23 02:14:46,8,-2,3853.5,153
2022-12-23 02:14:47,2,-2,3853.25,151
2022-12-23 02:14:51,1,1,3853.5,152
2022-12-23 02:14:52,4,-4,3853.5,148
2022-12-23 02:15:01,5,-3,3853.5,145
2022-12-23 02:15:02,2,0,3853.5,145
2022-12-23 02:15:05,1,1,3853.5,146
2022-12-23 02:15:13,1,-1,3853.5,145
2022-12-23 02:15:14,3,3,3853.75,148
2022-12-23 02:15:19,4,-4,3853.75,144
2022-12-23 02:15:24,4,4,3853.75,148
2022-12-23 02:15:30,1,-1,3853.75,147
2022-12-23 02:15:33,10,4,3853.75,151
2022-12-23 02:15:45,13,10,3854.0,161
2022-12-23 02:15:49,4,-3,3854.0,158
2022-12-23 02:15:55,1,1,3854.0,159
2022-12-23 02:15:59,1,1,3854.0,160
2022-12-23 02:16:00,1,1,3854.25,161
2022-12-23 02:16:11,1,1,3854.25,162
2022-12-23 02:16:13,4,-3,3854.0,159
2022-12-23 02:16:17,1,1,3854.0,160
2022-12-23 02:16:19,1,1,3854.0,161
2022-12-23 02:16:20,1,-1,3854.0,160
2022-12-23 02:16:36,9,6,3854.25,166
2022-12-23 02:16:43,7,1,3854.25,167
2022-12-23 02:16:44,4,-4,3854.0,163
2022-12-23 02:17:00,1,1,3854.0,164
2022-12-23 02:17:05,4,4,3854.25,168
2022-12-23 02:17:13,1,-1,3854.25,167
2022-12-23 02:17:18,8,6,3854.75,173
2022-12-23 02:17:21,6,-3,3854.25,170
2022-12-23 02:17:36,1,-1,3854.0,169
2022-12-23 02:17:44,1,-1,3853.75,168
2022-12-23 02:17:47,7,-1,3853.75,167
2022-12-23 02:17:48,2,-2,3853.75,165
2022-12-23 02:17:49,3,1,3853.75,166
2022-12-23 02:17:55,1,-1,3853.5,165
2022-12-23 02:17:57,8,-7,3853.5,158
2022-12-23 02:17:58,1,-1,3853.5,157
2022-12-23 02:18:00,15,8,3853.5,165
2022-12-23 02:18:01,1,1,3853.5,166
2022-12-23 02:18:02,3,-1,3853.5,165
2022-12-23 02:18:03,2,2,3853.5,167
2022-12-23 02:18:06,9,-5,3853.25,162
2022-12-23 02:18:09,4,1,3853.5,163
2022-12-23 02:18:15,82,-41,3853.25,122
2022-12-23 02:18:16,1,1,3852.75,123
2022-12-23 02:18:17,1,-1,3852.5,122
2022-12-23 02:18:18,16,-3,3852.5,119
2022-12-23 02:18:20,5,-5,3852.25,114
2022-12-23 02:18:21,12,1,3852.5,115
2022-12-23 02:18:23,5,-3,3852.25,112
2022-12-23 02:18:24,3,-3,3852.25,109
2022-12-23 02:18:25,4,-2,3852.25,107
2022-12-23 02:18:26,14,10,3852.25,117
2022-12-23 02:18:30,1,-1,3852.0,116
2022-12-23 02:18:31,5,-5,3852.0,111
2022-12-23 02:18:32,9,-6,3852.0,105
2022-12-23 02:18:34,12,7,3852.0,112
2022-12-23 02:18:35,3,1,3852.0,113
2022-12-23 02:18:41,9,5,3852.0,118
2022-12-23 02:18:43,1,1,3852.0,119
2022-12-23 02:18:46,1,-1,3852.0,118
2022-12-23 02:18:47,4,4,3852.25,122
2022-12-23 02:18:48,1,-1,3852.0,121
2022-12-23 02:18:50,2,-2,3852.0,119
2022-12-23 02:18:55,1,-1,3852.0,118
2022-12-23 02:18:59,36,-27,3851.75,91
2022-12-23 02:19:00,35,4,3852.0,95
2022-12-23 02:19:04,1,1,3852.0,96
2022-12-23 02:19:05,1,1,3852.0,97
2022-12-23 02:19:06,4,4,3852.0,101
2022-12-23 02:19:07,2,-2,3851.75,99
2022-12-23 02:19:10,1,-1,3851.75,98
2022-12-23 02:19:14,3,3,3852.0,101
2022-12-23 02:19:17,2,0,3852.25,101
2022-12-23 02:19:21,6,6,3852.25,107
2022-12-23 02:19:22,5,-2,3852.25,105
2022-12-23 02:19:26,2,2,3852.5,107
2022-12-23 02:19:27,1,-1,3852.5,106
2022-12-23 02:19:28,2,2,3852.5,108
2022-12-23 02:19:30,15,-11,3852.25,97
2022-12-23 02:19:31,1,-1,3852.25,96
2022-12-23 02:19:32,3,1,3852.25,97
2022-12-23 02:19:39,2,1,3852.25,98
2022-12-23 02:19:48,5,4,3852.5,102
2022-12-23 02:19:58,5,-2,3852.75,100
2022-12-23 02:19:59,4,-2,3852.5,98
2022-12-23 02:20:04,3,-3,3852.25,95
2022-12-23 02:20:05,1,1,3852.25,96
2022-12-23 02:20:10,6,5,3852.25,101
2022-12-23 02:20:13,1,1,3852.5,102
2022-12-23 02:20:16,6,4,3852.5,106
2022-12-23 02:20:18,2,-2,3852.5,104
2022-12-23 02:20:19,3,3,3852.5,107
2022-12-23 02:20:27,1,-1,3852.5,106
2022-12-23 02:20:45,2,2,3852.5,108
2022-12-23 02:20:46,1,1,3852.5,109
2022-12-23 02:20:48,1,-1,3852.25,108
2022-12-23 02:20:50,2,2,3852.75,110
2022-12-23 02:20:53,2,-2,3852.75,108
2022-12-23 02:21:00,8,8,3853.0,116
2022-12-23 02:21:01,2,0,3853.0,116
2022-12-23 02:21:02,4,-2,3853.0,114
2022-12-23 02:21:03,1,1,3852.75,115
2022-12-23 02:21:06,1,-1,3852.5,114
2022-12-23 02:21:08,4,2,3852.75,116
2022-12-23 02:21:15,13,13,3853.0,129
2022-12-23 02:21:16,10,11,3853.5,140
2022-12-23 02:21:17,2,-2,3853.25,138
2022-12-23 02:21:18,2,-2,3853.0,136
2022-12-23 02:21:24,5,-5,3852.75,131
2022-12-23 02:21:27,16,4,3852.5,135
2022-12-23 02:21:28,3,3,3852.75,138
2022-12-23 02:21:31,3,3,3852.75,141
2022-12-23 02:21:32,3,-3,3852.75,138
2022-12-23 02:21:35,3,-3,3852.5,135
2022-12-23 02:21:38,1,1,3852.5,136
2022-12-23 02:22:04,18,13,3852.5,149
2022-12-23 02:22:12,3,-1,3852.5,148
2022-12-23 02:22:20,1,-1,3852.25,147
2022-12-23 02:22:22,1,-1,3852.25,146
2022-12-23 02:22:35,11,-3,3852.25,143
2022-12-23 02:22:36,1,1,3852.25,144
2022-12-23 02:22:38,1,1,3852.25,145
2022-12-23 02:22:43,1,1,3852.25,146
2022-12-23 02:22:47,1,-1,3852.25,145
2022-12-23 02:22:50,1,1,3852.25,146
2022-12-23 02:22:51,3,-3,3852.25,143
2022-12-23 02:22:55,28,-18,3852.0,125
2022-12-23 02:22:57,1,1,3851.75,126
2022-12-23 02:22:58,5,-7,3851.5,119
2022-12-23 02:23:00,2,0,3851.5,119
2022-12-23 02:23:01,8,4,3851.5,123
2022-12-23 02:23:02,4,4,3851.5,127
2022-12-23 02:23:03,2,2,3851.5,129
2022-12-23 02:23:04,1,-1,3851.5,128
2022-12-23 02:23:05,8,-4,3851.5,124
2022-12-23 02:23:06,1,1,3851.5,125
2022-12-23 02:23:09,2,-2,3851.25,123
2022-12-23 02:23:11,5,4,3851.25,127
2022-12-23 02:23:12,3,-3,3851.25,124
2022-12-23 02:23:13,1,-1,3851.0,123
2022-12-23 02:23:18,15,1,3851.25,124
2022-12-23 02:23:19,4,4,3851.25,128
2022-12-23 02:23:21,4,2,3851.5,130
2022-12-23 02:23:23,6,5,3851.5,135
2022-12-23 02:23:26,2,-2,3851.5,133
2022-12-23 02:23:27,8,-7,3851.5,126
2022-12-23 02:23:28,1,1,3851.5,127
2022-12-23 02:23:32,1,1,3851.5,128
2022-12-23 02:23:33,1,-1,3851.5,127
2022-12-23 02:23:37,12,7,3851.5,134
2022-12-23 02:23:39,1,1,3851.5,135
2022-12-23 02:23:42,7,3,3851.75,138
2022-12-23 02:23:43,21,-7,3851.75,131
2022-12-23 02:23:45,2,0,3851.5,131
2022-12-23 02:23:46,2,2,3851.5,133
2022-12-23 02:23:51,4,-4,3851.25,129
2022-12-23 02:23:58,22,-1,3851.25,128
2022-12-23 02:24:00,1,1,3851.0,129
2022-12-23 02:24:02,3,3,3851.0,132
2022-12-23 02:24:05,4,0,3851.25,132
2022-12-23 02:24:06,9,5,3851.0,137
2022-12-23 02:24:09,1,-1,3850.75,136
2022-12-23 02:24:14,59,-30,3851.0,106
2022-12-23 02:24:17,11,2,3850.75,108
2022-12-23 02:24:18,4,3,3850.75,111
2022-12-23 02:24:19,4,2,3850.75,113
2022-12-23 02:24:27,8,-4,3850.75,109
2022-12-23 02:24:30,11,1,3851.0,110
2022-12-23 02:24:31,7,7,3851.0,117
2022-12-23 02:24:33,70,-66,3851.25,51
2022-12-23 02:24:35,1,-1,3850.75,50
2022-12-23 02:24:36,5,-5,3850.5,45
2022-12-23 02:24:38,2,0,3850.5,45
2022-12-23 02:24:39,2,2,3850.75,47
2022-12-23 02:24:42,5,5,3850.75,52
2022-12-23 02:24:44,3,-1,3850.5,51
2022-12-23 02:24:51,3,-3,3850.5,48
2022-12-23 02:24:54,24,-16,3850.5,32
2022-12-23 02:24:55,2,2,3850.5,34
2022-12-23 02:24:58,1,-1,3850.5,33
2022-12-23 02:24:59,9,8,3850.75,41
2022-12-23 02:25:00,8,8,3851.0,49
2022-12-23 02:25:02,3,3,3851.0,52
2022-12-23 02:25:03,3,-3,3851.0,49
2022-12-23 02:25:13,1,-1,3850.75,48
2022-12-23 02:25:19,9,4,3850.75,52
2022-12-23 02:25:21,1,-1,3850.75,51
2022-12-23 02:25:28,4,-4,3850.5,47
2022-12-23 02:25:29,13,-13,3850.25,34
2022-12-23 02:25:31,1,-1,3850.0,33
2022-12-23 02:25:32,1,-1,3850.0,32
2022-12-23 02:25:33,1,-1,3850.0,31
2022-12-23 02:25:34,8,4,3850.25,35
2022-12-23 02:25:37,9,-5,3850.25,30
2022-12-23 02:25:38,10,2,3850.25,32
2022-12-23 02:25:41,1,-1,3850.25,31
2022-12-23 02:25:42,2,0,3850.25,31
2022-12-23 02:25:45,8,8,3850.25,39
2022-12-23 02:25:46,3,-3,3850.25,36
2022-12-23 02:25:49,4,3,3850.25,39
2022-12-23 02:25:56,2,-2,3850.25,37
2022-12-23 02:26:00,1,1,3850.25,38
2022-12-23 02:26:02,29,-11,3850.0,27
2022-12-23 02:26:05,5,4,3850.25,31
2022-12-23 02:26:06,42,-32,3850.25,-1
2022-12-23 02:26:07,2,2,3850.0,1
2022-12-23 02:26:12,6,5,3850.0,6
2022-12-23 02:26:16,4,-4,3850.0,2
2022-12-23 02:26:22,1,1,3850.25,3
2022-12-23 02:26:27,7,0,3850.75,3
2022-12-23 02:26:31,4,4,3850.5,7
2022-12-23 02:26:36,2,-2,3850.5,5
2022-12-23 02:26:38,3,3,3850.5,8
2022-12-23 02:26:41,1,-1,3850.5,7
2022-12-23 02:26:42,3,3,3850.75,10
2022-12-23 02:26:51,1,1,3851.0,11
2022-12-23 02:26:54,2,2,3851.0,13
2022-12-23 02:26:56,4,3,3851.0,16
2022-12-23 02:27:00,10,-4,3851.0,12
2022-12-23 02:27:03,4,4,3851.0,16
2022-12-23 02:27:05,1,-1,3851.0,15
2022-12-23 02:27:11,7,6,3851.25,21
2022-12-23 02:27:14,10,-12,3851.0,9
2022-12-23 02:27:21,4,4,3851.0,13
2022-12-23 02:27:23,3,-3,3851.0,10
2022-12-23 02:27:26,2,-1,3851.0,9
2022-12-23 02:27:29,1,1,3851.25,10
2022-12-23 02:27:31,4,-3,3851.25,7
2022-12-23 02:27:33,6,-4,3851.25,3
2022-12-23 02:27:34,1,1,3851.5,4
2022-12-23 02:27:35,1,-1,3851.0,3
2022-12-23 02:27:44,9,2,3851.5,5
2022-12-23 02:27:47,3,-3,3851.5,2
2022-12-23 02:27:51,13,-12,3851.25,-10
2022-12-23 02:27:54,4,-4,3851.25,-14
2022-12-23 02:27:55,6,-2,3851.0,-16
2022-12-23 02:27:56,2,0,3851.0,-16
2022-12-23 02:28:00,2,2,3851.25,-14
2022-12-23 02:28:03,1,1,3851.25,-13
2022-12-23 02:28:06,13,4,3851.5,-9
2022-12-23 02:28:07,2,0,3851.5,-9
2022-12-23 02:28:13,6,0,3851.75,-9
2022-12-23 02:28:14,1,1,3851.75,-8
2022-12-23 02:28:18,1,-1,3851.5,-9
2022-12-23 02:28:19,2,2,3851.75,-7
2022-12-23 02:28:22,3,1,3851.75,-6
2022-12-23 02:28:25,1,1,3852.0,-5
2022-12-23 02:28:26,1,-1,3851.75,-6
2022-12-23 02:28:30,1,1,3852.0,-5
2022-12-23 02:28:31,1,-1,3851.75,-6
2022-12-23 02:28:32,2,0,3852.0,-6
2022-12-23 02:28:35,1,-1,3852.0,-7
2022-12-23 02:28:40,6,1,3852.0,-6
2022-12-23 02:28:49,3,-2,3852.0,-8
2022-12-23 02:28:54,5,1,3852.25,-7
2022-12-23 02:29:01,2,1,3852.25,-6
2022-12-23 02:29:03,1,-1,3852.25,-7
2022-12-23 02:29:05,3,-3,3852.25,-10
2022-12-23 02:29:11,7,-2,3852.0,-12
2022-12-23 02:29:16,1,1,3852.25,-11
2022-12-23 02:29:27,6,-5,3852.0,-16
2022-12-23 02:29:31,2,2,3852.0,-14
2022-12-23 02:29:40,4,-2,3851.75,-16
2022-12-23 02:29:50,3,3,3851.75,-13
2022-12-23 02:29:51,2,-2,3851.75,-15
2022-12-23 02:29:56,1,-1,3851.5,-16
2022-12-23 02:30:00,9,-6,3851.5,-22
2022-12-23 02:30:01,5,5,3851.5,-17
2022-12-23 02:30:04,9,7,3851.75,-10
2022-12-23 02:30:08,2,-2,3851.75,-12
2022-12-23 02:30:09,2,0,3851.75,-12
2022-12-23 02:30:15,30,12,3852.0,0
2022-12-23 02:30:16,8,-8,3851.75,-8
2022-12-23 02:30:25,4,-4,3851.25,-12
2022-12-23 02:30:29,8,3,3851.5,-9
2022-12-23 02:30:30,26,7,3851.75,-2
2022-12-23 02:30:36,6,-5,3851.5,-7
2022-12-23 02:30:37,1,1,3851.5,-6
2022-12-23 02:30:39,1,-1,3851.5,-7
2022-12-23 02:30:42,2,2,3851.5,-5
2022-12-23 02:30:47,1,1,3851.5,-4
2022-12-23 02:30:49,2,-2,3851.5,-6
2022-12-23 02:30:55,3,3,3851.75,-3
2022-12-23 02:31:03,7,3,3851.75,0
2022-12-23 02:31:12,1,1,3851.75,1
2022-12-23 02:31:13,3,3,3852.0,4
2022-12-23 02:31:14,2,2,3852.25,6
2022-12-23 02:31:15,1,-1,3852.25,5
2022-12-23 02:31:18,22,-20,3852.0,-15
2022-12-23 02:31:22,6,-6,3852.0,-21
2022-12-23 02:31:23,2,3,3852.0,-18
2022-12-23 02:31:25,7,1,3851.75,-17
2022-12-23 02:31:27,1,1,3851.75,-16
2022-12-23 02:31:28,1,1,3852.0,-15
2022-12-23 02:31:33,10,9,3852.0,-6
2022-12-23 02:31:35,1,1,3852.0,-5
2022-12-23 02:31:42,3,0,3852.0,-5
2022-12-23 02:31:43,11,-4,3852.0,-9
2022-12-23 02:31:44,2,-2,3851.75,-11
2022-12-23 02:31:47,5,-1,3851.5,-12
2022-12-23 02:31:48,1,1,3851.75,-11
2022-12-23 02:31:52,1,1,3851.75,-10
2022-12-23 02:31:57,5,-5,3851.5,-15
2022-12-23 02:32:00,5,5,3851.75,-10
2022-12-23 02:32:08,3,-2,3851.25,-12
2022-12-23 02:32:12,3,2,3851.5,-10
2022-12-23 02:32:14,2,-2,3851.5,-12
2022-12-23 02:32:15,5,0,3851.25,-12
2022-12-23 02:32:19,3,3,3851.75,-9
2022-12-23 02:32:25,9,9,3852.0,0
2022-12-23 02:32:29,4,-4,3852.0,-4
2022-12-23 02:32:35,2,-2,3851.75,-6
2022-12-23 02:32:39,4,-4,3851.75,-10
2022-12-23 02:32:40,1,1,3852.0,-9
2022-12-23 02:32:45,2,-2,3851.75,-11
2022-12-23 02:32:46,3,-3,3851.75,-14
2022-12-23 02:33:00,1,-1,3851.5,-15
2022-12-23 02:33:02,2,-2,3851.5,-17
2022-12-23 02:33:03,10,0,3851.25,-17
2022-12-23 02:33:09,1,1,3851.25,-16
2022-12-23 02:33:15,5,-5,3851.25,-21
2022-12-23 02:33:16,11,-4,3851.0,-25
2022-12-23 02:33:28,1,1,3851.25,-24
2022-12-23 02:33:32,8,6,3851.25,-18
2022-12-23 02:33:33,14,-13,3851.25,-31
2022-12-23 02:33:39,1,-1,3851.25,-32
2022-12-23 02:33:42,21,3,3851.5,-29
2022-12-23 02:33:58,8,-2,3851.5,-31
2022-12-23 02:34:06,4,1,3851.5,-30
2022-12-23 02:34:09,1,1,3851.5,-29
2022-12-23 02:34:16,7,1,3851.75,-28
2022-12-23 02:34:17,18,-7,3851.5,-35
2022-12-23 02:34:18,46,-34,3851.5,-69
2022-12-23 02:34:19,25,-12,3851.25,-81
2022-12-23 02:34:22,6,6,3851.5,-75
2022-12-23 02:34:30,1,1,3851.75,-74
2022-12-23 02:34:34,3,-3,3851.75,-77
2022-12-23 02:34:36,3,3,3852.0,-74
2022-12-23 02:34:39,3,-1,3852.0,-75
2022-12-23 02:34:49,1,-1,3851.75,-76
2022-12-23 02:34:52,4,-4,3851.75,-80
2022-12-23 02:34:54,1,1,3851.75,-79
2022-12-23 02:34:56,4,-4,3851.75,-83
2022-12-23 02:35:04,3,3,3852.0,-80
2022-12-23 02:35:08,1,-1,3852.0,-81
2022-12-23 02:35:13,2,1,3852.0,-80
2022-12-23 02:35:17,10,-2,3852.25,-82
2022-12-23 02:35:29,4,4,3852.5,-78
2022-12-23 02:35:30,1,-1,3852.25,-79
2022-12-23 02:35:35,1,1,3852.25,-78
2022-12-23 02:35:40,1,1,3852.5,-77
2022-12-23 02:35:41,1,-1,3852.25,-78
2022-12-23 02:35:44,1,1,3852.25,-77
2022-12-23 02:35:46,38,30,3853.0,-47
2022-12-23 02:35:47,5,1,3852.75,-46
2022-12-23 02:36:02,11,7,3853.0,-39
2022-12-23 02:36:03,3,-1,3853.25,-40
2022-12-23 02:36:04,12,-4,3853.25,-44
2022-12-23 02:36:05,1,1,3853.25,-43
2022-12-23 02:36:06,19,-8,3853.0,-51
2022-12-23 02:36:09,1,-1,3853.0,-52
2022-12-23 02:36:10,4,4,3853.0,-48
2022-12-23 02:36:13,3,-1,3853.25,-49
2022-12-23 02:36:17,19,15,3853.5,-34
2022-12-23 02:36:19,6,-5,3853.25,-39
2022-12-23 02:36:21,2,2,3853.25,-37
2022-12-23 02:36:22,10,-6,3853.0,-43
2022-12-23 02:36:23,2,-2,3853.0,-45
2022-12-23 02:36:24,1,-1,3853.0,-46
2022-12-23 02:36:28,1,-1,3853.25,-47
2022-12-23 02:36:31,4,0,3853.5,-47
2022-12-23 02:36:32,7,3,3853.5,-44
2022-12-23 02:36:34,3,-3,3853.5,-47
2022-12-23 02:36:40,5,1,3853.5,-46
2022-12-23 02:36:41,1,1,3853.5,-45
2022-12-23 02:36:44,2,-2,3853.25,-47
2022-12-23 02:36:45,1,-1,3853.25,-48
2022-12-23 02:36:49,4,-2,3853.25,-50
2022-12-23 02:36:50,2,2,3853.25,-48
2022-12-23 02:36:52,2,-2,3853.0,-50
2022-12-23 02:36:55,1,1,3853.25,-49
2022-12-23 02:36:56,3,-3,3853.0,-52
2022-12-23 02:36:57,1,-1,3852.75,-53
2022-12-23 02:37:00,1,-1,3853.0,-54
2022-12-23 02:37:01,25,-25,3853.0,-79
2022-12-23 02:37:04,3,1,3853.0,-78
2022-12-23 02:37:08,7,3,3853.25,-75
2022-12-23 02:37:09,1,-1,3853.25,-76
2022-12-23 02:37:10,15,-9,3853.0,-85
2022-12-23 02:37:16,4,-4,3852.5,-89
2022-12-23 02:37:20,2,-2,3852.25,-91
2022-12-23 02:37:21,7,7,3852.5,-84
2022-12-23 02:37:24,3,-1,3852.5,-85
2022-12-23 02:37:30,3,3,3852.5,-82
2022-12-23 02:37:36,10,2,3853.0,-80
2022-12-23 02:37:41,2,0,3853.0,-80
2022-12-23 02:37:45,2,0,3853.0,-80
2022-12-23 02:37:46,1,-1,3852.75,-81
2022-12-23 02:37:50,1,-1,3852.75,-82
2022-12-23 02:37:52,4,-4,3852.75,-86
2022-12-23 02:37:55,1,1,3853.0,-85
2022-12-23 02:38:00,10,7,3853.0,-78
2022-12-23 02:38:03,2,-2,3852.75,-80
2022-12-23 02:38:04,2,-2,3852.75,-82
2022-12-23 02:38:05,5,1,3852.75,-81
2022-12-23 02:38:12,1,1,3853.0,-80
2022-12-23 02:38:14,6,2,3853.0,-78
2022-12-23 02:38:16,1,1,3852.75,-77
2022-12-23 02:38:18,2,2,3852.75,-75
2022-12-23 02:38:25,5,1,3853.0,-74
2022-12-23 02:38:28,1,-1,3853.0,-75
2022-12-23 02:38:32,4,-2,3853.25,-77
2022-12-23 02:38:34,10,-9,3852.75,-86
2022-12-23 02:38:45,1,-1,3852.5,-87
2022-12-23 02:38:46,15,3,3852.75,-84
2022-12-23 02:38:47,1,1,3853.0,-83
2022-12-23 02:38:49,1,1,3853.0,-82
2022-12-23 02:38:53,8,-6,3853.0,-88
2022-12-23 02:39:05,2,-2,3852.5,-90
2022-12-23 02:39:06,4,3,3852.75,-87
2022-12-23 02:39:20,1,1,3853.0,-86
2022-12-23 02:39:25,1,-1,3853.0,-87
2022-12-23 02:39:33,3,1,3853.0,-86
2022-12-23 02:39:34,1,1,3853.25,-85
2022-12-23 02:39:44,3,-3,3853.0,-88
2022-12-23 02:39:46,1,-1,3853.0,-89
2022-12-23 02:39:51,3,3,3853.25,-86
2022-12-23 02:39:59,7,2,3853.5,-84
2022-12-23 02:40:04,8,-4,3853.5,-88
2022-12-23 02:40:06,6,5,3853.75,-83
2022-12-23 02:40:10,4,0,3853.5,-83
2022-12-23 02:40:17,4,3,3853.75,-80
2022-12-23 02:40:19,8,-6,3853.75,-86
2022-12-23 02:40:20,1,1,3853.5,-85
2022-12-23 02:40:21,6,2,3853.5,-83
2022-12-23 02:40:24,21,-16,3853.25,-99
2022-12-23 02:40:26,25,-8,3853.25,-107
2022-12-23 02:40:27,3,1,3853.25,-106
2022-12-23 02:40:31,3,3,3853.25,-103
2022-12-23 02:40:35,4,0,3853.5,-103
2022-12-23 02:40:36,5,-5,3853.25,-108
2022-12-23 02:40:37,5,5,3853.25,-103
2022-12-23 02:40:41,3,-3,3853.25,-106
2022-12-23 02:40:44,2,-2,3853.0,-108
2022-12-23 02:40:45,2,-1,3853.0,-109
2022-12-23 02:40:48,1,-1,3853.0,-110
2022-12-23 02:40:50,4,2,3853.0,-108
2022-12-23 02:40:51,1,1,3853.0,-107
2022-12-23 02:40:53,3,3,3853.0,-104
2022-12-23 02:41:01,9,5,3853.25,-99
2022-12-23 02:41:04,2,0,3853.25,-99
2022-12-23 02:41:07,1,-1,3853.0,-100
2022-12-23 02:41:10,4,-4,3853.0,-104
2022-12-23 02:41:11,3,3,3853.25,-101
2022-12-23 02:41:13,16,-8,3853.25,-109
2022-12-23 02:41:15,6,2,3853.25,-107
2022-12-23 02:41:25,2,-2,3853.25,-109
2022-12-23 02:41:27,2,0,3853.25,-109
2022-12-23 02:41:36,3,-3,3853.25,-112
2022-12-23 02:41:37,1,-1,3853.25,-113
2022-12-23 02:41:45,2,0,3853.0,-113
2022-12-23 02:41:51,3,-3,3853.25,-116
2022-12-23 02:41:52,1,1,3853.25,-115
2022-12-23 02:41:54,2,2,3853.25,-113
2022-12-23 02:42:00,2,0,3853.25,-113
2022-12-23 02:42:05,2,-2,3853.0,-115
2022-12-23 02:42:10,8,-2,3853.0,-117
2022-12-23 02:42:15,1,1,3853.0,-116
2022-12-23 02:42:18,4,-4,3853.0,-120
2022-12-23 02:42:20,3,3,3853.25,-117
2022-12-23 02:42:25,2,-2,3853.25,-119
2022-12-23 02:42:30,26,5,3853.5,-114
2022-12-23 02:42:31,7,6,3853.5,-108
2022-12-23 02:42:32,2,2,3853.5,-106
2022-12-23 02:42:33,5,-5,3853.25,-111
2022-12-23 02:42:37,1,-1,3853.25,-112
2022-12-23 02:42:38,5,3,3853.0,-109
2022-12-23 02:42:43,7,7,3853.0,-102
2022-12-23 02:42:44,3,-3,3853.0,-105
2022-12-23 02:42:45,3,1,3853.0,-104
2022-12-23 02:42:49,1,1,3853.25,-103
2022-12-23 02:42:51,14,-3,3853.25,-106
2022-12-23 02:43:01,6,6,3853.25,-100
2022-12-23 02:43:03,3,-3,3853.25,-103
2022-12-23 02:43:05,8,0,3853.25,-103
2022-12-23 02:43:11,5,-4,3853.0,-107
2022-12-23 02:43:18,1,1,3853.25,-106
2022-12-23 02:43:22,3,-3,3853.25,-109
2022-12-23 02:43:25,1,-1,3853.0,-110
2022-12-23 02:43:29,1,1,3853.25,-109
2022-12-23 02:43:34,5,-4,3853.0,-113
2022-12-23 02:43:35,3,3,3853.25,-110
2022-12-23 02:43:41,5,-4,3853.0,-114
2022-12-23 02:43:47,2,-2,3852.5,-116
2022-12-23 02:43:49,7,-3,3852.5,-119
2022-12-23 02:43:55,1,-1,3852.5,-120
2022-12-23 02:43:57,3,-3,3852.5,-123
2022-12-23 02:43:58,1,-1,3852.25,-124
2022-12-23 02:44:00,1,1,3852.5,-123
2022-12-23 02:44:01,1,1,3852.5,-122
2022-12-23 02:44:04,1,-1,3852.5,-123
2022-12-23 02:44:10,3,-3,3852.5,-126
2022-12-23 02:44:13,1,1,3852.5,-125
2022-12-23 02:44:20,1,1,3852.5,-124
2022-12-23 02:44:24,2,-2,3852.5,-126
2022-12-23 02:44:26,4,0,3852.5,-126
2022-12-23 02:44:30,2,2,3852.5,-124
2022-12-23 02:44:37,12,-5,3852.25,-129
2022-12-23 02:44:45,6,-3,3852.25,-132
2022-12-23 02:44:51,1,-1,3852.25,-133
2022-12-23 02:44:55,6,6,3852.5,-127
2022-12-23 02:45:02,1,-1,3852.25,-128
2022-12-23 02:45:03,1,1,3852.25,-127
2022-12-23 02:45:20,1,1,3852.5,-126
2022-12-23 02:45:23,1,1,3852.5,-125
2022-12-23 02:45:26,1,1,3852.5,-124
2022-12-23 02:45:28,3,-3,3852.5,-127
2022-12-23 02:45:35,4,4,3852.25,-123
2022-12-23 02:45:42,1,1,3852.5,-122
2022-12-23 02:45:43,1,1,3852.5,-121
2022-12-23 02:45:51,25,18,3853.0,-103
2022-12-23 02:45:53,16,-7,3852.75,-110
2022-12-23 02:45:56,1,-1,3852.5,-111
2022-12-23 02:45:59,4,0,3852.75,-111
2022-12-23 02:46:00,13,-12,3852.5,-123
2022-12-23 02:46:03,1,1,3852.75,-122
2022-12-23 02:46:04,2,2,3852.75,-120
2022-12-23 02:46:12,1,-1,3852.5,-121
2022-12-23 02:46:13,1,1,3852.75,-120
2022-12-23 02:46:14,1,-1,3852.75,-121
2022-12-23 02:46:15,3,-3,3852.75,-124
2022-12-23 02:46:16,1,1,3852.75,-123
2022-12-23 02:46:26,2,2,3852.75,-121
2022-12-23 02:46:36,10,-10,3852.5,-131
2022-12-23 02:46:41,4,0,3852.5,-131
2022-12-23 02:46:45,5,1,3852.5,-130
2022-12-23 02:46:47,6,3,3852.5,-127
2022-12-23 02:46:48,2,-2,3852.5,-129
2022-12-23 02:46:51,4,4,3852.5,-125
2022-12-23 02:46:52,12,4,3852.75,-121
2022-12-23 02:46:53,1,1,3852.75,-120
2022-12-23 02:47:05,28,-31,3853.0,-151
2022-12-23 02:47:10,4,-4,3852.75,-155
2022-12-23 02:47:12,6,0,3852.75,-155
2022-12-23 02:47:14,2,2,3852.75,-153
2022-12-23 02:47:25,24,33,3853.25,-120
2022-12-23 02:47:27,2,1,3853.25,-119
2022-12-23 02:47:28,7,-1,3853.0,-120
2022-12-23 02:47:38,2,2,3853.25,-118
2022-12-23 02:47:45,17,5,3853.5,-113
2022-12-23 02:47:46,1,-1,3853.25,-114
2022-12-23 02:47:48,5,-3,3853.0,-117
2022-12-23 02:47:50,1,-1,3852.75,-118
2022-12-23 02:48:00,5,4,3852.75,-114
2022-12-23 02:48:03,14,4,3853.0,-110
2022-12-23 02:48:04,5,-1,3853.0,-111
2022-12-23 02:48:05,1,1,3853.0,-110
2022-12-23 02:48:12,3,-1,3853.0,-111
2022-12-23 02:48:14,1,-1,3853.0,-112
2022-12-23 02:48:19,10,0,3852.75,-112
2022-12-23 02:48:20,6,6,3853.0,-106
2022-12-23 02:48:24,1,-1,3852.75,-107
2022-12-23 02:48:29,22,-6,3852.75,-113
2022-12-23 02:48:32,1,1,3853.0,-112
2022-12-23 02:48:40,1,1,3853.25,-111
2022-12-23 02:48:42,2,0,3853.0,-111
2022-12-23 02:48:54,1,1,3853.0,-110
2022-12-23 02:48:55,1,1,3853.0,-109
2022-12-23 02:49:01,1,1,3853.0,-108
2022-12-23 02:49:04,1,1,3853.25,-107
2022-12-23 02:49:08,3,-3,3853.0,-110
2022-12-23 02:49:11,2,2,3853.0,-108
2022-12-23 02:49:25,6,6,3853.25,-102
2022-12-23 02:49:26,3,-3,3853.25,-105
2022-12-23 02:49:34,2,-2,3853.25,-107
2022-12-23 02:49:38,1,1,3853.25,-106
2022-12-23 02:49:42,1,-1,3853.25,-107
2022-12-23 02:49:44,1,1,3853.25,-106
2022-12-23 02:49:47,48,-17,3853.0,-123
2022-12-23 02:49:49,1,1,3852.75,-122
2022-12-23 02:49:59,6,-6,3852.75,-128
2022-12-23 02:50:02,5,3,3852.75,-125
2022-12-23 02:50:03,2,-2,3852.75,-127
2022-12-23 02:50:04,2,2,3853.0,-125
2022-12-23 02:50:06,1,1,3853.0,-124
2022-12-23 02:50:23,2,-2,3852.5,-126
2022-12-23 02:50:28,14,-7,3852.75,-133
2022-12-23 02:50:35,9,-3,3852.5,-136
2022-12-23 02:50:43,4,3,3852.75,-133
2022-12-23 02:50:44,3,3,3853.0,-130
2022-12-23 02:50:58,5,-4,3852.75,-134
2022-12-23 02:51:01,2,2,3852.75,-132
2022-12-23 02:51:02,2,0,3852.75,-132
2022-12-23 02:51:03,1,-1,3852.75,-133
2022-12-23 02:51:06,5,-5,3852.5,-138
2022-12-23 02:51:13,3,-1,3852.75,-139
2022-12-23 02:51:18,2,2,3853.0,-137
2022-12-23 02:51:22,8,-6,3853.25,-143
2022-12-23 02:51:33,3,3,3853.0,-140
2022-12-23 02:51:34,1,-1,3853.0,-141
2022-12-23 02:51:44,7,-5,3852.75,-146
2022-12-23 02:51:49,1,1,3853.0,-145
2022-12-23 02:51:56,4,-4,3852.75,-149
2022-12-23 02:52:00,1,-1,3852.75,-150
2022-12-23 02:52:08,1,1,3852.75,-149
2022-12-23 02:52:12,4,3,3853.0,-146
2022-12-23 02:52:16,1,1,3853.25,-145
2022-12-23 02:52:18,2,2,3853.25,-143
2022-12-23 02:52:23,3,3,3853.5,-140
2022-12-23 02:52:24,23,4,3853.5,-136
2022-12-23 02:52:44,9,-6,3853.25,-142
2022-12-23 02:52:51,1,-1,3853.25,-143
2022-12-23 02:52:54,1,1,3853.5,-142
2022-12-23 02:53:03,1,-1,3853.25,-143
2022-12-23 02:53:22,2,-2,3853.25,-145
2022-12-23 02:53:23,6,-5,3853.0,-150
2022-12-23 02:53:29,3,-3,3852.75,-153
2022-12-23 02:53:30,1,1,3852.75,-152
2022-12-23 02:53:39,1,-1,3852.75,-153
2022-12-23 02:53:44,3,3,3853.25,-150
2022-12-23 02:53:47,2,-2,3853.25,-152
2022-12-23 02:53:52,3,-3,3853.0,-155
2022-12-23 02:53:53,4,0,3853.0,-155
2022-12-23 02:53:56,4,2,3853.0,-153
2022-12-23 02:54:00,1,1,3853.0,-152
2022-12-23 02:54:01,3,-3,3852.75,-155
2022-12-23 02:54:05,3,3,3853.0,-152
2022-12-23 02:54:07,4,-4,3853.0,-156
2022-12-23 02:54:12,1,1,3853.0,-155
2022-12-23 02:54:28,1,-1,3852.75,-156
2022-12-23 02:54:38,4,4,3853.0,-152
2022-12-23 02:54:45,2,2,3853.0,-150
2022-12-23 02:54:56,4,0,3853.0,-150
2022-12-23 02:55:00,2,-2,3853.0,-152
2022-12-23 02:55:03,1,1,3853.0,-151
2022-12-23 02:55:09,4,-3,3853.0,-154
2022-12-23 02:55:14,1,-1,3853.0,-155
2022-12-23 02:55:20,6,-6,3852.75,-161
2022-12-23 02:55:38,2,2,3852.75,-159
2022-12-23 02:55:44,5,-5,3852.5,-164
2022-12-23 02:55:46,26,-19,3852.25,-183
2022-12-23 02:55:48,3,-3,3852.25,-186
2022-12-23 02:55:52,3,3,3852.5,-183
2022-12-23 02:55:54,4,-4,3852.5,-187
2022-12-23 02:56:00,11,7,3852.5,-180
2022-12-23 02:56:08,1,1,3852.75,-179
2022-12-23 02:56:12,5,5,3852.75,-174
2022-12-23 02:56:18,1,-1,3852.75,-175
2022-12-23 02:56:22,1,-1,3852.75,-176
2022-12-23 02:56:29,8,2,3852.75,-174
2022-12-23 02:56:33,3,-3,3852.5,-177
2022-12-23 02:56:35,1,1,3852.5,-176
2022-12-23 02:56:46,1,1,3852.5,-175
2022-12-23 02:56:49,5,0,3852.5,-175
2022-12-23 02:57:01,5,4,3852.5,-171
2022-12-23 02:57:02,1,1,3852.75,-170
2022-12-23 02:57:07,1,-1,3852.5,-171
2022-12-23 02:57:09,2,-2,3852.5,-173
2022-12-23 02:57:16,2,2,3852.5,-171
2022-12-23 02:57:24,15,5,3853.0,-166
2022-12-23 02:57:26,1,1,3853.0,-165
2022-12-23 02:57:28,1,-1,3853.0,-166
2022-12-23 02:57:30,8,-11,3853.0,-177
2022-12-23 02:57:31,3,-3,3852.75,-180
2022-12-23 02:57:32,3,3,3852.75,-177
2022-12-23 02:57:34,1,1,3852.75,-176
2022-12-23 02:57:36,4,4,3853.0,-172
2022-12-23 02:57:38,4,-2,3853.0,-174
2022-12-23 02:57:45,4,-4,3853.0,-178
2022-12-23 02:57:54,3,3,3853.25,-175
2022-12-23 02:57:55,4,0,3853.25,-175
2022-12-23 02:58:00,35,-27,3853.25,-202
2022-12-23 02:58:04,3,-3,3853.0,-205
2022-12-23 02:58:06,1,-1,3853.0,-206
2022-12-23 02:58:14,1,1,3853.25,-205
2022-12-23 02:58:19,2,2,3853.0,-203
2022-12-23 02:58:21,1,1,3853.0,-202
2022-12-23 02:58:22,1,1,3853.25,-201
2022-12-23 02:58:23,2,-2,3853.0,-203
2022-12-23 02:58:44,3,-3,3853.0,-206
2022-12-23 02:58:47,2,0,3852.75,-206
2022-12-23 02:58:52,7,-3,3852.5,-209
2022-12-23 02:59:05,1,1,3852.5,-208
2022-12-23 02:59:14,1,-1,3852.25,-209
2022-12-23 02:59:15,2,2,3852.25,-207
2022-12-23 02:59:16,12,2,3852.25,-205
2022-12-23 02:59:23,1,1,3852.25,-204
2022-12-23 02:59:24,3,-3,3852.0,-207
2022-12-23 02:59:27,27,-27,3851.75,-234
2022-12-23 02:59:30,10,-4,3851.75,-238
2022-12-23 02:59:35,1,-1,3851.5,-239
2022-12-23 02:59:36,3,3,3851.75,-236
2022-12-23 02:59:40,1,1,3851.75,-235
2022-12-23 02:59:44,5,-5,3851.5,-240
2022-12-23 02:59:47,11,-2,3851.5,-242
2022-12-23 02:59:48,4,4,3851.75,-238
2022-12-23 02:59:49,1,-1,3851.75,-239
2022-12-23 02:59:52,5,-5,3851.5,-244
2022-12-23 02:59:53,5,5,3851.5,-239
2022-12-23 02:59:55,25,16,3851.75,-223
2022-12-23 02:59:57,3,1,3851.5,-222
2022-12-23 02:59:59,4,-2,3851.25,-224
2022-12-23 03:00:00,143,-31,3851.5,-255
2022-12-23 03:00:01,22,0,3850.5,-255
2022-12-23 03:00:02,4,0,3850.5,-255
2022-12-23 03:00:03,8,4,3850.75,-251
2022-12-23 03:00:04,15,8,3851.0,-243
2022-12-23 03:00:05,17,-13,3851.25,-256
2022-12-23 03:00:06,6,0,3850.25,-256
2022-12-23 03:00:07,11,2,3850.25,-254
2022-12-23 03:00:08,9,1,3849.75,-253
2022-12-23 03:00:09,2,-2,3849.75,-255
2022-12-23 03:00:10,16,4,3850.0,-251
2022-12-23 03:00:11,1,1,3850.0,-250
2022-12-23 03:00:12,2,2,3850.25,-248
2022-12-23 03:00:13,2,2,3850.5,-246
2022-12-23 03:00:14,6,6,3850.75,-240
2022-12-23 03:00:15,21,-17,3850.25,-257
2022-12-23 03:00:16,2,2,3850.5,-255
2022-12-23 03:00:18,6,4,3850.75,-251
2022-12-23 03:00:19,4,-2,3851.0,-253
2022-12-23 03:00:20,5,1,3850.75,-252
2022-12-23 03:00:21,10,6,3851.0,-246
2022-12-23 03:00:22,12,8,3850.75,-238
2022-12-23 03:00:23,6,5,3850.75,-233
2022-12-23 03:00:26,1,-1,3850.75,-234
2022-12-23 03:00:27,1,1,3850.75,-233
2022-12-23 03:00:28,2,-2,3850.75,-235
2022-12-23 03:00:29,4,-4,3850.5,-239
2022-12-23 03:00:30,27,-2,3850.25,-241
2022-12-23 03:00:32,9,4,3850.25,-237
2022-12-23 03:00:33,16,-6,3850.25,-243
2022-12-23 03:00:34,1,-1,3850.25,-244
2022-12-23 03:00:35,9,-3,3850.0,-247
2022-12-23 03:00:36,1,1,3850.25,-246
2022-12-23 03:00:38,22,-23,3850.25,-269
2022-12-23 03:00:40,1,1,3850.0,-268
2022-12-23 03:00:41,4,4,3850.25,-264
2022-12-23 03:00:42,1,1,3850.25,-263
2022-12-23 03:00:44,1,1,3850.25,-262
2022-12-23 03:00:46,1,-1,3850.25,-263
2022-12-23 03:00:48,4,4,3850.5,-259
2022-12-23 03:00:49,8,-8,3850.5,-267
2022-12-23 03:00:53,5,5,3850.75,-262
2022-12-23 03:00:54,2,0,3850.75,-262
2022-12-23 03:00:55,1,1,3850.75,-261
2022-12-23 03:00:56,1,1,3850.75,-260
2022-12-23 03:00:57,12,15,3851.25,-245
2022-12-23 03:01:00,29,-5,3851.25,-250
2022-12-23 03:01:02,11,3,3851.25,-247
2022-12-23 03:01:04,11,9,3851.75,-238
2022-12-23 03:01:05,5,1,3851.75,-237
2022-12-23 03:01:06,3,-3,3851.5,-240
2022-12-23 03:01:09,3,-3,3851.25,-243
2022-12-23 03:01:10,3,1,3851.0,-242
2022-12-23 03:01:11,5,-3,3851.0,-245
2022-12-23 03:01:12,4,1,3851.25,-244
2022-12-23 03:01:13,26,8,3851.5,-236
2022-12-23 03:01:14,6,0,3851.75,-236
2022-12-23 03:01:15,21,7,3852.0,-229
2022-12-23 03:01:16,21,-7,3852.5,-236
2022-12-23 03:01:17,3,1,3852.5,-235
2022-12-23 03:01:18,2,0,3852.75,-235
2022-12-23 03:01:19,13,0,3852.5,-235
2022-12-23 03:01:20,4,0,3852.75,-235
2022-12-23 03:01:23,28,-10,3852.75,-245
2022-12-23 03:01:26,25,-12,3852.5,-257
2022-12-23 03:01:28,1,-1,3852.0,-258
2022-12-23 03:01:29,16,-3,3852.25,-261
2022-12-23 03:01:31,7,2,3852.5,-259
2022-12-23 03:01:32,44,10,3853.25,-249
2022-12-23 03:01:33,6,-2,3853.25,-251
2022-12-23 03:01:34,10,5,3853.0,-246
2022-12-23 03:01:36,4,4,3853.25,-242
2022-12-23 03:01:37,1,1,3853.25,-241
2022-12-23 03:01:38,4,-2,3853.25,-243
2022-12-23 03:01:39,4,4,3853.5,-239
2022-12-23 03:01:40,7,-4,3853.5,-243
2022-12-23 03:01:41,21,2,3853.5,-241
2022-12-23 03:01:42,16,-6,3853.75,-247
2022-12-23 03:01:43,4,2,3853.75,-245
2022-12-23 03:01:46,19,15,3854.25,-230
2022-12-23 03:01:47,20,9,3854.25,-221
2022-12-23 03:01:48,6,-2,3854.0,-223
2022-12-23 03:01:49,4,0,3853.75,-223
2022-12-23 03:01:50,4,-2,3853.5,-225
2022-12-23 03:01:51,3,3,3853.5,-222
2022-12-23 03:01:52,2,0,3853.5,-222
2022-12-23 03:01:54,6,-2,3853.25,-224
2022-12-23 03:01:55,2,2,3853.5,-222
2022-12-23 03:01:56,1,-1,3853.5,-223
2022-12-23 03:01:57,7,-3,3853.75,-226
2022-12-23 03:01:58,20,-4,3854.0,-230
2022-12-23 03:01:59,1,1,3853.75,-229
2022-12-23 03:02:00,1,-1,3853.75,-230
2022-12-23 03:02:01,4,2,3854.0,-228
2022-12-23 03:02:02,1,-1,3854.0,-229
2022-12-23 03:02:03,2,0,3854.25,-229
2022-12-23 03:02:04,6,-2,3854.0,-231
2022-12-23 03:02:05,2,2,3854.0,-229
2022-12-23 03:02:07,1,1,3854.0,-228
2022-12-23 03:02:09,5,5,3854.0,-223
2022-12-23 03:02:10,4,-4,3854.0,-227
2022-12-23 03:02:13,7,6,3854.25,-221
2022-12-23 03:02:15,13,-1,3854.5,-222
2022-12-23 03:02:17,3,-1,3854.5,-223
2022-12-23 03:02:18,7,6,3854.75,-217
2022-12-23 03:02:19,6,-4,3854.75,-221
2022-12-23 03:02:20,2,2,3854.75,-219
2022-12-23 03:02:21,1,-1,3854.75,-220
2022-12-23 03:02:22,5,-1,3854.75,-221
2022-12-23 03:02:24,5,-5,3854.5,-226
2022-12-23 03:02:25,1,1,3854.5,-225
2022-12-23 03:02:26,7,-7,3854.5,-232
2022-12-23 03:02:27,1,1,3854.75,-231
2022-12-23 03:02:31,9,1,3854.75,-230
2022-12-23 03:02:33,1,-1,3854.75,-231
2022-12-23 03:02:34,1,-1,3854.75,-232
2022-12-23 03:02:35,1,1,3854.75,-231
2022-12-23 03:02:39,37,18,3855.25,-213
2022-12-23 03:02:40,1,-1,3855.25,-214
2022-12-23 03:02:41,13,4,3855.5,-210
2022-12-23 03:02:42,7,7,3855.25,-203
2022-12-23 03:02:43,13,-8,3855.25,-211
2022-12-23 03:02:44,5,5,3855.25,-206
2022-12-23 03:02:45,5,-2,3855.0,-208
2022-12-23 03:02:48,8,2,3855.0,-206
2022-12-23 03:02:50,2,2,3855.0,-204
